{"NYSE:DPS":{"name":"DPS","market":"NYSE","2013-12-31":{"Total Revenue":"5997.0","Operating Income":"1046.0","Net Income":"624.0","operating_margin":"0.17","net_margin":"0.10"},"2014-12-31":{"Total Revenue":"6121.0","Operating Income":"1180.0","Net Income":"703.0","operating_margin":"0.19","net_margin":"0.11","Total Current Assets":"1211000","Total Assets":"8265000","Total Current Liabilities":"1038000","Total Liabilities":"5971000","current_liabilities_to_current_assets":"0.86","liabilities_to_assets":"0.72"},"2015-12-31":{"Total Revenue":"6282.0","Operating Income":"1298.0","Net Income":"764.0","operating_margin":"0.21","net_margin":"0.12","Total Current Assets":"1817000","Total Assets":"8869000","Total Current Liabilities":"1583000","Total Liabilities":"6686000","current_liabilities_to_current_assets":"0.87","liabilities_to_assets":"0.75"},"2016-12-31":{"Total Revenue":"6440.0","Operating Income":"1433.0","Net Income":"847.0","operating_margin":"0.22","net_margin":"0.13","Total Current Assets":"2736000","Total Assets":"9791000","Total Current Liabilities":"1051000","Total Liabilities":"7657000","current_liabilities_to_current_assets":"0.38","liabilities_to_assets":"0.78","revenue_diff":"0.03","operating_margin_diff":"0.05","liabilities_to_assets_diff":"0.04"}},"VTX:NESN":{"name":"NESN","market":"VTX","2013-12-31":{"Total Revenue":"92373.0","Operating Income":"13068.0","Net Income":"10015.0","operating_margin":"0.14","net_margin":"0.11","Total Current Assets":"30066000","Total Assets":"120442000","Total Current Liabilities":"32917000","Total Liabilities":"56303000","current_liabilities_to_current_assets":"1.09","liabilities_to_assets":"0.47"},"2014-12-31":{"Total Revenue":"91612.0","Operating Income":"10905.0","Net Income":"14456.0","operating_margin":"0.12","net_margin":"0.16","Total Current Assets":"33961000","Total Assets":"133450000","Total Current Liabilities":"32895000","Total Liabilities":"61566000","current_liabilities_to_current_assets":"0.97","liabilities_to_assets":"0.46"},"2015-12-31":{"Total Revenue":"88785.0","Operating Income":"12408.0","Net Income":"9066.0","operating_margin":"0.14","net_margin":"0.10","Total Current Assets":"29434000","Total Assets":"123992000","Total Current Liabilities":"33321000","Total Liabilities":"60006000","current_liabilities_to_current_assets":"1.13","liabilities_to_assets":"0.48"},"2016-12-31":{"Total Revenue":"89469.0","Operating Income":"13163.0","Net Income":"8531.0","operating_margin":"0.15","net_margin":"0.10","Total Current Assets":"32042000","Total Assets":"131901000","Total Current Liabilities":"37517000","Total Liabilities":"65920000","current_liabilities_to_current_assets":"1.17","liabilities_to_assets":"0.50","revenue_diff":"0.01","operating_margin_diff":"0.07","liabilities_to_assets_diff":"0.04"}},"NYSE:PEP":{"name":"PEP","market":"NYSE","2013-12-28":{"Total Revenue":"66415.0","Operating Income":"9705.0","Net Income":"6740.0","operating_margin":"0.15","net_margin":"0.10"},"2014-12-27":{"Total Revenue":"66683.0","Operating Income":"9581.0","Net Income":"6513.0","operating_margin":"0.14","net_margin":"0.10","Total Current Assets":"20663000","Total Assets":"70509000","Total Current Liabilities":"18092000","Total Liabilities":"53071000","current_liabilities_to_current_assets":"0.88","liabilities_to_assets":"0.75"},"2015-12-26":{"Total Revenue":"63056.0","Operating Income":"8353.0","Net Income":"5452.0","operating_margin":"0.13","net_margin":"0.09","Total Current Assets":"23031000","Total Assets":"69667000","Total Current Liabilities":"17578000","Total Liabilities":"57744000","current_liabilities_to_current_assets":"0.76","liabilities_to_assets":"0.83"},"2016-12-31":{"Total Revenue":"62799.0","Operating Income":"9785.0","Net Income":"6329.0","operating_margin":"0.16","net_margin":"0.10","Total Current Assets":"27089000","Total Assets":"74129000","Total Current Liabilities":"21135000","Total Liabilities":"63034000","current_liabilities_to_current_assets":"0.78","liabilities_to_assets":"0.85","revenue_diff":"-0.00","operating_margin_diff":"0.23","liabilities_to_assets_diff":"0.02"}},"EPA:BN":{"name":"BN","market":"EPA","2013-12-31":{"Total Revenue":"21298.0","Operating Income":"2128.0","Net Income":"1422.0","operating_margin":"0.10","net_margin":"0.07","Total Current Assets":"7850000","Total Assets":"30928000","Total Current Liabilities":"10607000","Total Liabilities":"20199000","current_liabilities_to_current_assets":"1.35","liabilities_to_assets":"0.65"},"2014-12-31":{"Total Revenue":"21144.0","Operating Income":"2151.0","Net Income":"1119.0","operating_margin":"0.10","net_margin":"0.05","Total Current Assets":"7476000","Total Assets":"31747000","Total Current Liabilities":"10625000","Total Liabilities":"20002000","current_liabilities_to_current_assets":"1.42","liabilities_to_assets":"0.63"},"2015-12-31":{"Total Revenue":"22412.0","Operating Income":"2210.0","Net Income":"1282.0","operating_margin":"0.10","net_margin":"0.06","Total Current Assets":"7998000","Total Assets":"32712000","Total Current Liabilities":"9202000","Total Liabilities":"20043000","current_liabilities_to_current_assets":"1.15","liabilities_to_assets":"0.61"},"2016-12-31":{"Total Revenue":"21944.0","Operating Income":"2923.0","Net Income":"1720.0","operating_margin":"0.13","net_margin":"0.08","Total Current Assets":"19113000","Total Assets":"43949000","Total Current Liabilities":"9050000","Total Liabilities":"30755000","current_liabilities_to_current_assets":"0.47","liabilities_to_assets":"0.70","revenue_diff":"-0.02","operating_margin_diff":"0.30","liabilities_to_assets_diff":"0.15"}},"NYSE:VZ":{"name":"VZ","market":"NYSE","2013-12-31":{"Total Revenue":"120550.0","Operating Income":"31968.0","Net Income":"11497.0","operating_margin":"0.27","net_margin":"0.10"},"2014-12-31":{"Total Revenue":"127079.0","Operating Income":"19599.0","Net Income":"9625.0","operating_margin":"0.15","net_margin":"0.08","Total Current Assets":"29499000","Total Assets":"232616000","Total Current Liabilities":"27987000","Total Liabilities":"220318000","current_liabilities_to_current_assets":"0.95","liabilities_to_assets":"0.95"},"2015-12-31":{"Total Revenue":"131620.0","Operating Income":"33060.0","Net Income":"17879.0","operating_margin":"0.25","net_margin":"0.14","Total Current Assets":"22355000","Total Assets":"244175000","Total Current Liabilities":"35052000","Total Liabilities":"227747000","current_liabilities_to_current_assets":"1.57","liabilities_to_assets":"0.93"},"2016-12-31":{"Total Revenue":"125980.0","Operating Income":"27059.0","Net Income":"13127.0","operating_margin":"0.21","net_margin":"0.10","Total Current Assets":"26395000","Total Assets":"244180000","Total Current Liabilities":"30340000","Total Liabilities":"221656000","current_liabilities_to_current_assets":"1.15","liabilities_to_assets":"0.91","revenue_diff":"-0.04","operating_margin_diff":"-0.16","liabilities_to_assets_diff":"-0.02"}},"NYSE:T":{"name":"T","market":"NYSE","2013-12-31":{"Total Revenue":"128752.0","Operating Income":"30752.0","Net Income":"18418.0","operating_margin":"0.24","net_margin":"0.14"},"2014-12-31":{"Total Revenue":"132447.0","Operating Income":"12212.0","Net Income":"6442.0","operating_margin":"0.09","net_margin":"0.05","Total Current Assets":"33606000","Total Assets":"296834000","Total Current Liabilities":"37282000","Total Liabilities":"207118000","current_liabilities_to_current_assets":"1.11","liabilities_to_assets":"0.70"},"2015-12-31":{"Total Revenue":"146801.0","Operating Income":"24785.0","Net Income":"13345.0","operating_margin":"0.17","net_margin":"0.09","Total Current Assets":"35992000","Total Assets":"402672000","Total Current Liabilities":"47816000","Total Liabilities":"280001000","current_liabilities_to_current_assets":"1.33","liabilities_to_assets":"0.70"},"2016-12-31":{"Total Revenue":"163786.0","Operating Income":"24347.0","Net Income":"12976.0","operating_margin":"0.15","net_margin":"0.08","Total Current Assets":"38369000","Total Assets":"403821000","Total Current Liabilities":"50576000","Total Liabilities":"280686000","current_liabilities_to_current_assets":"1.32","liabilities_to_assets":"0.70","revenue_diff":"0.12","operating_margin_diff":"-0.12","liabilities_to_assets_diff":"0.00"}},"NASDAQ:VOD":{"name":"VOD","market":"NASDAQ","2014-03-31":{"Total Revenue":"53924.5","Operating Income":"-5502.7","Net Income":"83326.6","operating_margin":"-0.10","net_margin":"1.55","Total Current Assets":"24722000","Total Assets":"121840000","Total Current Liabilities":"25039000","Total Liabilities":"50059000","current_liabilities_to_current_assets":"1.01","liabilities_to_assets":"0.41"},"2015-03-31":{"Total Revenue":"56221.0","Operating Income":"2408.7","Net Income":"8457.8","operating_margin":"0.04","net_margin":"0.15","Total Current Assets":"29489000","Total Assets":"182130000","Total Current Liabilities":"42938000","Total Liabilities":"81486000","current_liabilities_to_current_assets":"1.46","liabilities_to_assets":"0.45"},"2016-03-31":{"Total Revenue":"57876.7","Operating Income":"1533.8","Net Income":"-6280.3","operating_margin":"0.03","net_margin":"-0.11","Total Current Assets":"35595000","Total Assets":"169107000","Total Current Liabilities":"42235000","Total Liabilities":"83971000","current_liabilities_to_current_assets":"1.19","liabilities_to_assets":"0.50"},"2017-03-31":{"Total Revenue":"55344.8","Operating Income":"4328.3","Net Income":"-7316.8","operating_margin":"0.08","net_margin":"-0.13","Total Current Assets":"42737000","Total Assets":"154684000","Total Current Liabilities":"42389000","Total Liabilities":"80965000","current_liabilities_to_current_assets":"0.99","liabilities_to_assets":"0.52","revenue_diff":"-0.04","operating_margin_diff":"1.67","liabilities_to_assets_diff":"0.04"},"2015-04-01":{"Total Current Assets":"27457000","Total Assets":"169579000","Total Current Liabilities":"39979000","Total Liabilities":"75871000","current_liabilities_to_current_assets":"1.46","liabilities_to_assets":"0.45"}},"NYSE:XOM":{"name":"XOM","market":"NYSE","2013-12-31":{"Total Revenue":"438255.0","Operating Income":"57720.0","Net Income":"32580.0","operating_margin":"0.13","net_margin":"0.07"},"2014-12-31":{"Total Revenue":"411939.0","Operating Income":"51916.0","Net Income":"32520.0","operating_margin":"0.13","net_margin":"0.08","Total Current Assets":"52910000","Total Assets":"349493000","Total Current Liabilities":"64633000","Total Liabilities":"175094000","current_liabilities_to_current_assets":"1.22","liabilities_to_assets":"0.50"},"2015-12-31":{"Total Revenue":"268882.0","Operating Income":"22277.0","Net Income":"16150.0","operating_margin":"0.08","net_margin":"0.06","Total Current Assets":"42623000","Total Assets":"336758000","Total Current Liabilities":"53976000","Total Liabilities":"165947000","current_liabilities_to_current_assets":"1.27","liabilities_to_assets":"0.49"},"2016-12-31":{"Total Revenue":"226094.0","Operating Income":"8422.0","Net Income":"7840.0","operating_margin":"0.04","net_margin":"0.03","Total Current Assets":"41416000","Total Assets":"330314000","Total Current Liabilities":"47638000","Total Liabilities":"162989000","current_liabilities_to_current_assets":"1.15","liabilities_to_assets":"0.49","revenue_diff":"-0.16","operating_margin_diff":"-0.50","liabilities_to_assets_diff":"0.00"}},"NYSE:DIS":{"name":"DIS","market":"NYSE","2013-09-30":{"Total Revenue":"45041.0","Operating Income":"9450.0","Net Income":"6136.0","operating_margin":"0.21","net_margin":"0.14"},"2014-09-30":{"Total Revenue":"48813.0","Operating Income":"11540.0","Net Income":"7501.0","operating_margin":"0.24","net_margin":"0.15"},"2015-10-03":{"Total Revenue":"52465.0","Operating Income":"13224.0","Net Income":"8382.0","operating_margin":"0.25","net_margin":"0.16","Total Current Assets":"16758000","Total Assets":"88182000","Total Current Liabilities":"16334000","Total Liabilities":"43657000","current_liabilities_to_current_assets":"0.97","liabilities_to_assets":"0.50"},"2016-10-01":{"Total Revenue":"55632.0","Operating Income":"14358.0","Net Income":"9391.0","operating_margin":"0.26","net_margin":"0.17","Total Current Assets":"16966000","Total Assets":"92033000","Total Current Liabilities":"16842000","Total Liabilities":"48768000","current_liabilities_to_current_assets":"0.99","liabilities_to_assets":"0.53","revenue_diff":"0.06","operating_margin_diff":"0.04","liabilities_to_assets_diff":"0.06"},"2014-09-27":{"Total Current Assets":"15169000","Total Assets":"84141000","Total Current Liabilities":"13292000","Total Liabilities":"39183000","current_liabilities_to_current_assets":"0.88","liabilities_to_assets":"0.47"},"2015-09-30":{"Total Revenue":"52465.0","Operating Income":"13224.0","Net Income":"8382.0","operating_margin":"0.25","net_margin":"0.16"},"2016-09-30":{"Total Revenue":"55632.0","Operating Income":"14358.0","Net Income":"9391.0","operating_margin":"0.26","net_margin":"0.17"},"2017-09-30":{"Total Revenue":"55137.0","Operating Income":"13873.0","Net Income":"8980.0","operating_margin":"0.25","net_margin":"0.16","Total Current Assets":"15889000","Total Assets":"95789000","Total Current Liabilities":"19595000","Total Liabilities":"53326000","current_liabilities_to_current_assets":"1.23","liabilities_to_assets":"0.56","revenue_diff":"-0.01","operating_margin_diff":"-0.04","liabilities_to_assets_diff":"0.06"}},"NYSE:SNE":{"name":"SNE","market":"NYSE","2014-03-31":{"Total Revenue":"68118.9","Operating Income":"232.4","Net Income":"-1125.8","operating_margin":"0.00","net_margin":"-0.02","Total Current Assets":"4204886000","Total Assets":"15333720000","Total Current Liabilities":"4783614000","Total Liabilities":"12546464000","current_liabilities_to_current_assets":"1.14","liabilities_to_assets":"0.82"},"2015-03-31":{"Total Revenue":"72053.3","Operating Income":"601.2","Net Income":"-1104.8","operating_margin":"0.01","net_margin":"-0.02","Total Current Assets":"4197901000","Total Assets":"15834331000","Total Current Liabilities":"4745590000","Total Liabilities":"12900614000","current_liabilities_to_current_assets":"1.13","liabilities_to_assets":"0.81"},"2016-03-31":{"Total Revenue":"71087.1","Operating Income":"2580.1","Net Income":"1296.1","operating_margin":"0.04","net_margin":"0.02","Total Current Assets":"4196727000","Total Assets":"16673390000","Total Current Liabilities":"4830750000","Total Liabilities":"13541502000","current_liabilities_to_current_assets":"1.15","liabilities_to_assets":"0.81"},"2017-03-31":{"Total Revenue":"66680.5","Operating Income":"2531.9","Net Income":"642.7","operating_margin":"0.04","net_margin":"0.01","Total Current Assets":"4355722000","Total Assets":"17660556000","Total Current Liabilities":"5221739000","Total Liabilities":"14513076000","current_liabilities_to_current_assets":"1.20","liabilities_to_assets":"0.82","revenue_diff":"-0.06","operating_margin_diff":"0.00","liabilities_to_assets_diff":"0.01"}},"OTCMKTS:NTDOY":{"name":"NTDOY","market":"OTCMKTS","2014-03-31":{"Total Revenue":"5014.0","Operating Income":"-407.1","Net Income":"-203.5","operating_margin":"-0.08","net_margin":"-0.04","Total Current Assets":"1024136000","Total Assets":"1306410000","Total Current Liabilities":"155652000","Total Liabilities":"187971000","current_liabilities_to_current_assets":"0.15","liabilities_to_assets":"0.14"},"2015-03-31":{"Total Revenue":"4821.6","Operating Income":"217.2","Net Income":"367.0","operating_margin":"0.05","net_margin":"0.08","Total Current Assets":"1097597000","Total Assets":"1352944000","Total Current Liabilities":"144232000","Total Liabilities":"185390000","current_liabilities_to_current_assets":"0.13","liabilities_to_assets":"0.14"},"2016-03-31":{"Total Revenue":"4424.1","Operating Income":"288.4","Net Income":"144.7","operating_margin":"0.07","net_margin":"0.03","Total Current Assets":"1021135000","Total Assets":"1296902000","Total Current Liabilities":"98437000","Total Liabilities":"136001000","current_liabilities_to_current_assets":"0.10","liabilities_to_assets":"0.10"},"2017-03-31":{"Total Revenue":"4289.4","Operating Income":"257.5","Net Income":"899.6","operating_margin":"0.06","net_margin":"0.21","Total Current Assets":"1140742000","Total Assets":"1468978000","Total Current Liabilities":"184109000","Total Liabilities":"218006000","current_liabilities_to_current_assets":"0.16","liabilities_to_assets":"0.15","revenue_diff":"-0.03","operating_margin_diff":"-0.14","liabilities_to_assets_diff":"0.50"}},"NASDAQ:NFLX":{"name":"NFLX","market":"NASDAQ","2013-12-31":{"Total Revenue":"4374.6","Operating Income":"228.3","Net Income":"112.4","operating_margin":"0.05","net_margin":"0.03"},"2014-12-31":{"Total Revenue":"5504.7","Operating Income":"402.6","Net Income":"266.8","operating_margin":"0.07","net_margin":"0.05","Total Current Assets":"3927053","Total Assets":"7042500","Total Current Liabilities":"2663154","Total Liabilities":"5184792","current_liabilities_to_current_assets":"0.68","liabilities_to_assets":"0.74"},"2015-12-31":{"Total Revenue":"6779.5","Operating Income":"305.8","Net Income":"122.6","operating_margin":"0.05","net_margin":"0.02","Total Current Assets":"5431840","Total Assets":"10202871","Total Current Liabilities":"3529624","Total Liabilities":"7979445","current_liabilities_to_current_assets":"0.65","liabilities_to_assets":"0.78"},"2016-12-31":{"Total Revenue":"8830.7","Operating Income":"379.8","Net Income":"186.7","operating_margin":"0.04","net_margin":"0.02","Total Current Assets":"5720291","Total Assets":"13586610","Total Current Liabilities":"4586657","Total Liabilities":"10906810","current_liabilities_to_current_assets":"0.80","liabilities_to_assets":"0.80","revenue_diff":"0.30","operating_margin_diff":"-0.20","liabilities_to_assets_diff":"0.03"}},"NYSE:TWX":{"name":"TWX","market":"NYSE","2013-12-31":{"Total Revenue":"26461.0","Operating Income":"6268.0","Net Income":"3691.0","operating_margin":"0.24","net_margin":"0.14"},"2014-12-31":{"Total Revenue":"27359.0","Operating Income":"5975.0","Net Income":"3827.0","operating_margin":"0.22","net_margin":"0.14","Total Current Assets":"13180000","Total Assets":"63146000","Total Current Liabilities":"9204000","Total Liabilities":"38670000","current_liabilities_to_current_assets":"0.70","liabilities_to_assets":"0.61"},"2015-12-31":{"Total Revenue":"28118.0","Operating Income":"6865.0","Net Income":"3833.0","operating_margin":"0.24","net_margin":"0.14","Total Current Assets":"12513000","Total Assets":"63848000","Total Current Liabilities":"8002000","Total Liabilities":"40200000","current_liabilities_to_current_assets":"0.64","liabilities_to_assets":"0.63"},"2016-12-31":{"Total Revenue":"29318.0","Operating Income":"7547.0","Net Income":"3926.0","operating_margin":"0.26","net_margin":"0.13","Total Current Assets":"13485000","Total Assets":"65966000","Total Current Liabilities":"9703000","Total Liabilities":"41602000","current_liabilities_to_current_assets":"0.72","liabilities_to_assets":"0.63","revenue_diff":"0.04","operating_margin_diff":"0.08","liabilities_to_assets_diff":"0.00"}},"NASDAQ:CMCSA":{"name":"CMCSA","market":"NASDAQ","2013-12-31":{"Total Revenue":"64657.0","Operating Income":"13563.0","Net Income":"6816.0","operating_margin":"0.21","net_margin":"0.11"},"2014-12-31":{"Total Revenue":"68775.0","Operating Income":"14904.0","Net Income":"8380.0","operating_margin":"0.22","net_margin":"0.12","Total Current Assets":"13531000","Total Assets":"159186000","Total Current Liabilities":"17410000","Total Liabilities":"105409000","current_liabilities_to_current_assets":"1.29","liabilities_to_assets":"0.66"},"2015-12-31":{"Total Revenue":"74510.0","Operating Income":"15998.0","Net Income":"8163.0","operating_margin":"0.21","net_margin":"0.11","Total Current Assets":"12303000","Total Assets":"166574000","Total Current Liabilities":"18178000","Total Liabilities":"113084000","current_liabilities_to_current_assets":"1.48","liabilities_to_assets":"0.68"},"2016-12-31":{"Total Revenue":"80403.0","Operating Income":"16859.0","Net Income":"8695.0","operating_margin":"0.21","net_margin":"0.11","Total Current Assets":"16361000","Total Assets":"180500000","Total Current Liabilities":"21535000","Total Liabilities":"125111000","current_liabilities_to_current_assets":"1.32","liabilities_to_assets":"0.69","revenue_diff":"0.08","operating_margin_diff":"0.00","liabilities_to_assets_diff":"0.01"}},"NASDAQ:FOXA":{"name":"FOXA","market":"NASDAQ","2014-06-30":{"Total Revenue":"31867.0","Operating Income":"5488.0","Net Income":"4514.0","operating_margin":"0.17","net_margin":"0.14"},"2015-06-30":{"Total Revenue":"28987.0","Operating Income":"5906.0","Net Income":"8306.0","operating_margin":"0.20","net_margin":"0.29","Total Current Assets":"17348000","Total Assets":"50039000","Total Current Liabilities":"7042000","Total Liabilities":"32198000","current_liabilities_to_current_assets":"0.41","liabilities_to_assets":"0.64"},"2016-06-30":{"Total Revenue":"27326.0","Operating Income":"5992.0","Net Income":"2755.0","operating_margin":"0.22","net_margin":"0.10","Total Current Assets":"14949000","Total Assets":"48193000","Total Current Liabilities":"7068000","Total Liabilities":"33980000","current_liabilities_to_current_assets":"0.47","liabilities_to_assets":"0.71"},"2017-06-30":{"Total Revenue":"28500.0","Operating Income":"6555.0","Net Income":"2952.0","operating_margin":"0.23","net_margin":"0.10","Total Current Assets":"16286000","Total Assets":"50724000","Total Current Liabilities":"7238000","Total Liabilities":"34308000","current_liabilities_to_current_assets":"0.44","liabilities_to_assets":"0.68","revenue_diff":"0.04","operating_margin_diff":"0.05","liabilities_to_assets_diff":"-0.04"}},"NYSE:TM":{"name":"TM","market":"NYSE","2014-03-31":{"Total Revenue":"225318.1","Operating Income":"20101.8","Net Income":"15988.8","operating_margin":"0.09","net_margin":"0.07","Total Current Assets":"15717706000","Total Assets":"41437473000","Total Current Liabilities":"14680685000","Total Liabilities":"26218486000","current_liabilities_to_current_assets":"0.93","liabilities_to_assets":"0.63"},"2015-03-31":{"Total Revenue":"238846.7","Operating Income":"24122.4","Net Income":"19060.2","operating_margin":"0.10","net_margin":"0.08","Total Current Assets":"17936397000","Total Assets":"47729830000","Total Current Liabilities":"16431496000","Total Liabilities":"30082501000","current_liabilities_to_current_assets":"0.92","liabilities_to_assets":"0.63"},"2016-03-31":{"Total Revenue":"249095.3","Operating Income":"25029.3","Net Income":"20282.3","operating_margin":"0.10","net_margin":"0.08","Total Current Assets":"18209553000","Total Assets":"47427597000","Total Current Liabilities":"16124456000","Total Liabilities":"29819190000","current_liabilities_to_current_assets":"0.89","liabilities_to_assets":"0.63"},"2017-03-31":{"Total Revenue":"242027.4","Operating Income":"17490.6","Net Income":"16058.8","operating_margin":"0.07","net_margin":"0.07","Total Current Assets":"17833695000","Total Assets":"48750186000","Total Current Liabilities":"17318965000","Total Liabilities":"30567110000","current_liabilities_to_current_assets":"0.97","liabilities_to_assets":"0.63","revenue_diff":"-0.03","operating_margin_diff":"-0.30","liabilities_to_assets_diff":"0.00"}},"FRA:VOW":{"name":"VOW","market":"FRA","2013-12-31":{"Total Revenue":"197007.0","Operating Income":"11671.0","Net Income":"9066.0","operating_margin":"0.06","net_margin":"0.05","Total Current Assets":"122192000","Total Assets":"324333000","Total Current Liabilities":"118625000","Total Liabilities":"234296000","current_liabilities_to_current_assets":"0.97","liabilities_to_assets":"0.72"},"2014-12-31":{"Total Revenue":"202458.0","Operating Income":"12697.0","Net Income":"10984.0","operating_margin":"0.06","net_margin":"0.05","Total Current Assets":"131102000","Total Assets":"351209000","Total Current Liabilities":"130706000","Total Liabilities":"261020000","current_liabilities_to_current_assets":"1.00","liabilities_to_assets":"0.74"},"2015-12-31":{"Total Revenue":"213292.0","Operating Income":"-4069.0","Net Income":"-1371.0","operating_margin":"-0.02","net_margin":"-0.01","Total Current Assets":"145387000","Total Assets":"381935000","Total Current Liabilities":"148489000","Total Liabilities":"293665000","current_liabilities_to_current_assets":"1.02","liabilities_to_assets":"0.77"},"2016-12-31":{"Total Revenue":"217267.0","Operating Income":"7103.0","Net Income":"5369.0","operating_margin":"0.03","net_margin":"0.02","Total Current Assets":"155722000","Total Assets":"409732000","Total Current Liabilities":"177515000","Total Liabilities":"316822000","current_liabilities_to_current_assets":"1.14","liabilities_to_assets":"0.77","revenue_diff":"0.02","operating_margin_diff":"-2.50","liabilities_to_assets_diff":"0.00"}},"NYSE:GM":{"name":"GM","market":"NYSE","2013-12-31":{"Total Revenue":"155427.0","Operating Income":"5131.0","Net Income":"5346.0","operating_margin":"0.03","net_margin":"0.03"},"2014-12-31":{"Total Revenue":"155929.0","Operating Income":"1530.0","Net Income":"3949.0","operating_margin":"0.01","net_margin":"0.03","Total Current Assets":"83626000","Total Assets":"177501000","Total Current Liabilities":"65657000","Total Liabilities":"142044000","current_liabilities_to_current_assets":"0.79","liabilities_to_assets":"0.80"},"2015-12-31":{"Total Revenue":"152356.0","Operating Income":"4897.0","Net Income":"9687.0","operating_margin":"0.03","net_margin":"0.06","Total Current Assets":"69408000","Total Assets":"194338000","Total Current Liabilities":"71217000","Total Liabilities":"154467000","current_liabilities_to_current_assets":"1.03","liabilities_to_assets":"0.79"},"2016-12-31":{"Total Revenue":"166380.0","Operating Income":"9545.0","Net Income":"9427.0","operating_margin":"0.06","net_margin":"0.06","Total Current Assets":"76203000","Total Assets":"221690000","Total Current Liabilities":"85181000","Total Liabilities":"177854000","current_liabilities_to_current_assets":"1.12","liabilities_to_assets":"0.80","revenue_diff":"0.09","operating_margin_diff":"1.00","liabilities_to_assets_diff":"0.01"}},"EPA:UG":{"name":"UG","market":"EPA","2013-12-31":{"Total Revenue":"53079.0","Operating Income":"-1529.0","Net Income":"-2327.0","operating_margin":"-0.03","net_margin":"-0.04","Total Current Assets":"39667000","Total Assets":"59764000","Total Current Liabilities":"38942000","Total Liabilities":"51927000","current_liabilities_to_current_assets":"0.98","liabilities_to_assets":"0.87"},"2014-12-31":{"Total Revenue":"51592.0","Operating Income":"124.0","Net Income":"-706.0","operating_margin":"0.00","net_margin":"-0.01","Total Current Assets":"40607000","Total Assets":"61212000","Total Current Liabilities":"39156000","Total Liabilities":"50794000","current_liabilities_to_current_assets":"0.96","liabilities_to_assets":"0.83"},"2015-12-31":{"Total Revenue":"54676.0","Operating Income":"1976.0","Net Income":"899.0","operating_margin":"0.04","net_margin":"0.02","Total Current Assets":"27055000","Total Assets":"49110000","Total Current Liabilities":"26890000","Total Liabilities":"36891000","current_liabilities_to_current_assets":"0.99","liabilities_to_assets":"0.75"},"2016-12-31":{"Total Revenue":"54030.0","Operating Income":"2611.0","Net Income":"1730.0","operating_margin":"0.05","net_margin":"0.03","Total Current Assets":"21188000","Total Assets":"45153000","Total Current Liabilities":"20397000","Total Liabilities":"30535000","current_liabilities_to_current_assets":"0.96","liabilities_to_assets":"0.68","revenue_diff":"-0.01","operating_margin_diff":"0.25","liabilities_to_assets_diff":"-0.09"}},"NYSE:F":{"name":"F","market":"NYSE","2013-12-31":{"Total Revenue":"146917.0","Operating Income":"13017.0","Net Income":"11953.0","operating_margin":"0.09","net_margin":"0.08"},"2014-12-31":{"Total Revenue":"144077.0","Operating Income":"332.0","Net Income":"1231.0","operating_margin":"0.00","net_margin":"0.01","Total Current Assets":"131839000","Total Assets":"208615000","Total Current Liabilities":"20035000","Total Liabilities":"183835000","current_liabilities_to_current_assets":"0.15","liabilities_to_assets":"0.88"},"2015-12-31":{"Total Revenue":"149558.0","Operating Income":"7647.0","Net Income":"7373.0","operating_margin":"0.05","net_margin":"0.05","Total Current Assets":"102587000","Total Assets":"224925000","Total Current Liabilities":"82336000","Total Liabilities":"196189000","current_liabilities_to_current_assets":"0.80","liabilities_to_assets":"0.87"},"2016-12-31":{"Total Revenue":"151800.0","Operating Income":"4116.0","Net Income":"4596.0","operating_margin":"0.03","net_margin":"0.03","Total Current Assets":"108461000","Total Assets":"237951000","Total Current Liabilities":"90281000","Total Liabilities":"208685000","current_liabilities_to_current_assets":"0.83","liabilities_to_assets":"0.88","revenue_diff":"0.01","operating_margin_diff":"-0.40","liabilities_to_assets_diff":"0.01"}},"NYSE:ED":{"name":"ED","market":"NYSE","2013-12-31":{"Total Revenue":"12354.0","Operating Income":"2244.0","Net Income":"1062.0","operating_margin":"0.18","net_margin":"0.09"},"2014-12-31":{"Total Revenue":"12919.0","Operating Income":"2209.0","Net Income":"1092.0","operating_margin":"0.17","net_margin":"0.08","Total Current Assets":"3716000","Total Assets":"44071000","Total Current Liabilities":"3757000","Total Liabilities":"31495000","current_liabilities_to_current_assets":"1.01","liabilities_to_assets":"0.71"},"2015-12-31":{"Total Revenue":"12554.0","Operating Income":"2427.0","Net Income":"1193.0","operating_margin":"0.19","net_margin":"0.10","Total Current Assets":"3836000","Total Assets":"45642000","Total Current Liabilities":"4720000","Total Liabilities":"32590000","current_liabilities_to_current_assets":"1.23","liabilities_to_assets":"0.71"},"2016-12-31":{"Total Revenue":"12075.0","Operating Income":"2575.0","Net Income":"1245.0","operating_margin":"0.21","net_margin":"0.10","Total Current Assets":"3406000","Total Assets":"48255000","Total Current Liabilities":"3843000","Total Liabilities":"33957000","current_liabilities_to_current_assets":"1.13","liabilities_to_assets":"0.70","revenue_diff":"-0.04","operating_margin_diff":"0.11","liabilities_to_assets_diff":"-0.01"}},"NASDAQ:SPWR":{"name":"SPWR","market":"NASDAQ","2013-12-29":{"Total Revenue":"2507.2","Operating Income":"158.9","Net Income":"95.6","operating_margin":"0.06","net_margin":"0.04"},"2014-12-28":{"Total Revenue":"3027.3","Operating Income":"251.2","Net Income":"245.9","operating_margin":"0.08","net_margin":"0.08","Total Current Assets":"2402847","Total Assets":"4345582","Total Current Liabilities":"1129611","Total Liabilities":"2782842","current_liabilities_to_current_assets":"0.47","liabilities_to_assets":"0.64"},"2016-01-03":{"Total Revenue":"1576.5","Operating Income":"-206.3","Net Income":"-187.0","operating_margin":"-0.13","net_margin":"-0.12","Total Current Assets":"2514520","Total Assets":"4856993","Total Current Liabilities":"998602","Total Liabilities":"3338740","current_liabilities_to_current_assets":"0.40","liabilities_to_assets":"0.69"},"2017-01-01":{"Total Revenue":"2559.6","Operating Income":"-462.4","Net Income":"-471.1","operating_margin":"-0.18","net_margin":"-0.18","Total Current Assets":"1914699","Total Assets":"4567167","Total Current Liabilities":"1090175","Total Liabilities":"3455714","current_liabilities_to_current_assets":"0.57","liabilities_to_assets":"0.76","revenue_diff":"0.62","operating_margin_diff":"0.38","liabilities_to_assets_diff":"0.10"}},"NASDAQ:TSLA":{"name":"TSLA","market":"NASDAQ","2013-12-31":{"Total Revenue":"2013.5","Operating Income":"-61.3","Net Income":"-74.0","operating_margin":"-0.03","net_margin":"-0.04"},"2014-12-31":{"Total Revenue":"3198.4","Operating Income":"-186.7","Net Income":"-294.0","operating_margin":"-0.06","net_margin":"-0.09","Total Current Assets":"3180073","Total Assets":"5830667","Total Current Liabilities":"2107166","Total Liabilities":"4860761","current_liabilities_to_current_assets":"0.66","liabilities_to_assets":"0.83"},"2015-12-31":{"Total Revenue":"4046.0","Operating Income":"-716.6","Net Income":"-888.7","operating_margin":"-0.18","net_margin":"-0.22","Total Current Assets":"2782006","Total Assets":"8067939","Total Current Liabilities":"2811035","Total Liabilities":"6936950","current_liabilities_to_current_assets":"1.01","liabilities_to_assets":"0.86"},"2016-12-31":{"Total Revenue":"7000.1","Operating Income":"-667.3","Net Income":"-674.9","operating_margin":"-0.10","net_margin":"-0.10","Total Current Assets":"6259796","Total Assets":"22664076","Total Current Liabilities":"5827005","Total Liabilities":"17535342","current_liabilities_to_current_assets":"0.93","liabilities_to_assets":"0.77","revenue_diff":"0.73","operating_margin_diff":"-0.44","liabilities_to_assets_diff":"-0.10"}},"BME:ACS":{"name":"ACS","market":"BME","2013-12-31":{"Total Revenue":"35178.0","Operating Income":"1538.9","Net Income":"701.5","operating_margin":"0.04","net_margin":"0.02","Total Current Assets":"25554000","Total Assets":"39965000","Total Current Liabilities":"23153000","Total Liabilities":"34476000","current_liabilities_to_current_assets":"0.91","liabilities_to_assets":"0.86"},"2014-12-31":{"Total Revenue":"34880.9","Operating Income":"959.6","Net Income":"717.1","operating_margin":"0.03","net_margin":"0.02","Total Current Assets":"25320000","Total Assets":"39321000","Total Current Liabilities":"24888000","Total Liabilities":"34423000","current_liabilities_to_current_assets":"0.98","liabilities_to_assets":"0.88"},"2015-12-31":{"Total Revenue":"33291.3","Operating Income":"1089.1","Net Income":"725.3","operating_margin":"0.03","net_margin":"0.02","Total Current Assets":"21501000","Total Assets":"35280000","Total Current Liabilities":"19393000","Total Liabilities":"30083000","current_liabilities_to_current_assets":"0.90","liabilities_to_assets":"0.85"},"2016-12-31":{"Total Revenue":"31975.2","Operating Income":"1237.4","Net Income":"751.0","operating_margin":"0.04","net_margin":"0.02","Total Current Assets":"20734000","Total Assets":"33373000","Total Current Liabilities":"20457000","Total Liabilities":"28391000","current_liabilities_to_current_assets":"0.99","liabilities_to_assets":"0.85","revenue_diff":"-0.04","operating_margin_diff":"0.33","liabilities_to_assets_diff":"0.00"}},"BME:ACX":{"name":"ACX","market":"BME","2013-12-31":{"Total Revenue":"3966.3","Operating Income":"88.3","Net Income":"22.1","operating_margin":"0.02","net_margin":"0.01","Total Current Assets":"1791000","Total Assets":"3991000","Total Current Liabilities":"1447000","Total Liabilities":"2438000","current_liabilities_to_current_assets":"0.81","liabilities_to_assets":"0.61"},"2014-12-31":{"Total Revenue":"4380.3","Operating Income":"297.7","Net Income":"136.3","operating_margin":"0.07","net_margin":"0.03","Total Current Assets":"2159000","Total Assets":"4416000","Total Current Liabilities":"1294000","Total Liabilities":"2570000","current_liabilities_to_current_assets":"0.60","liabilities_to_assets":"0.58"},"2015-12-31":{"Total Revenue":"4221.4","Operating Income":"120.9","Net Income":"42.9","operating_margin":"0.03","net_margin":"0.01","Total Current Assets":"1808000","Total Assets":"4126000","Total Current Liabilities":"1107000","Total Liabilities":"2102000","current_liabilities_to_current_assets":"0.61","liabilities_to_assets":"0.51"},"2016-12-31":{"Total Revenue":"3968.1","Operating Income":"157.4","Net Income":"80.3","operating_margin":"0.04","net_margin":"0.02","Total Current Assets":"2098000","Total Assets":"4455000","Total Current Liabilities":"1095000","Total Liabilities":"2286000","current_liabilities_to_current_assets":"0.52","liabilities_to_assets":"0.51","revenue_diff":"-0.06","operating_margin_diff":"0.33","liabilities_to_assets_diff":"0.00"}},"BME:AENA":{"name":"AENA","market":"BME","2013-12-31":{"Total Revenue":"2876.8","Operating Income":"741.8","Net Income":"596.7","operating_margin":"0.26","net_margin":"0.21","Total Current Assets":"623000","Total Assets":"16445000","Total Current Liabilities":"1911000","Total Liabilities":"13406000","current_liabilities_to_current_assets":"3.07","liabilities_to_assets":"0.82"},"2014-12-31":{"Total Revenue":"3076.0","Operating Income":"1051.8","Net Income":"478.6","operating_margin":"0.34","net_margin":"0.16","Total Current Assets":"803000","Total Assets":"17417000","Total Current Liabilities":"1856000","Total Liabilities":"13839000","current_liabilities_to_current_assets":"2.31","liabilities_to_assets":"0.79"},"2015-12-31":{"Total Revenue":"3450.7","Operating Income":"1252.2","Net Income":"833.5","operating_margin":"0.36","net_margin":"0.24","Total Current Assets":"1088000","Total Assets":"17023000","Total Current Liabilities":"1843000","Total Liabilities":"12663000","current_liabilities_to_current_assets":"1.69","liabilities_to_assets":"0.74"},"2016-12-31":{"Total Revenue":"3709.6","Operating Income":"1467.8","Net Income":"1164.1","operating_margin":"0.40","net_margin":"0.31","Total Current Assets":"1011000","Total Assets":"15514000","Total Current Liabilities":"1526000","Total Liabilities":"10488000","current_liabilities_to_current_assets":"1.51","liabilities_to_assets":"0.68","revenue_diff":"0.08","operating_margin_diff":"0.11","liabilities_to_assets_diff":"-0.08"}},"BME:AMS":{"name":"AMS","market":"BME","2013-12-31":{"Total Revenue":"3103.7","Operating Income":"888.0","Net Income":"562.6","operating_margin":"0.29","net_margin":"0.18","Total Current Assets":"905000","Total Assets":"5427000","Total Current Liabilities":"1213000","Total Liabilities":"3587000","current_liabilities_to_current_assets":"1.34","liabilities_to_assets":"0.66"},"2014-12-31":{"Total Revenue":"3417.7","Operating Income":"955.7","Net Income":"631.5","operating_margin":"0.28","net_margin":"0.18","Total Current Assets":"924000","Total Assets":"6165000","Total Current Liabilities":"1663000","Total Liabilities":"4298000","current_liabilities_to_current_assets":"1.80","liabilities_to_assets":"0.70"},"2015-12-31":{"Total Revenue":"3912.7","Operating Income":"1053.0","Net Income":"683.9","operating_margin":"0.27","net_margin":"0.17","Total Current Assets":"1317000","Total Assets":"7004000","Total Current Liabilities":"2200000","Total Liabilities":"4707000","current_liabilities_to_current_assets":"1.67","liabilities_to_assets":"0.67"},"2016-12-31":{"Total Revenue":"4472.9","Operating Income":"1212.3","Net Income":"825.5","operating_margin":"0.27","net_margin":"0.18","Total Current Assets":"1092000","Total Assets":"7774000","Total Current Liabilities":"2308000","Total Liabilities":"5013000","current_liabilities_to_current_assets":"2.11","liabilities_to_assets":"0.64","revenue_diff":"0.14","operating_margin_diff":"0.00","liabilities_to_assets_diff":"-0.04"}},"BME:ANA":{"name":"ANA","market":"BME","2013-12-31":{"Total Revenue":"6271.2","Operating Income":"-1832.0","Net Income":"-1972.4","operating_margin":"-0.29","net_margin":"-0.31","Total Current Assets":"4922000","Total Assets":"15690000","Total Current Liabilities":"4949000","Total Liabilities":"12294000","current_liabilities_to_current_assets":"1.01","liabilities_to_assets":"0.78"},"2014-12-31":{"Total Revenue":"6498.5","Operating Income":"572.0","Net Income":"184.9","operating_margin":"0.09","net_margin":"0.03","Total Current Assets":"5372000","Total Assets":"16143000","Total Current Liabilities":"4611000","Total Liabilities":"12530000","current_liabilities_to_current_assets":"0.86","liabilities_to_assets":"0.78"},"2015-12-31":{"Total Revenue":"6543.5","Operating Income":"626.9","Net Income":"207.3","operating_margin":"0.10","net_margin":"0.03","Total Current Assets":"4893000","Total Assets":"15778000","Total Current Liabilities":"4120000","Total Liabilities":"12023000","current_liabilities_to_current_assets":"0.84","liabilities_to_assets":"0.76"},"2016-12-31":{"Total Revenue":"5977.4","Operating Income":"988.2","Net Income":"352.0","operating_margin":"0.17","net_margin":"0.06","Total Current Assets":"4723000","Total Assets":"17408000","Total Current Liabilities":"4471000","Total Liabilities":"13310000","current_liabilities_to_current_assets":"0.95","liabilities_to_assets":"0.76","revenue_diff":"-0.09","operating_margin_diff":"0.70","liabilities_to_assets_diff":"0.00"}},"BME:BBVA":{"name":"BBVA","market":"BME","2013-12-31":{"Total Revenue":"26550.0","Operating Income":"954.0","Net Income":"2084.0","operating_margin":"0.04","net_margin":"0.08","Total Current Assets":"139013000","Total Assets":"582697000","Total Current Liabilities":"437247000","Total Liabilities":"538132000","current_liabilities_to_current_assets":"3.15","liabilities_to_assets":"0.92"},"2014-12-31":{"Total Revenue":"26145.0","Operating Income":"3980.0","Net Income":"2618.0","operating_margin":"0.15","net_margin":"0.10","Total Current Assets":"145848000","Total Assets":"631942000","Total Current Liabilities":"476739000","Total Liabilities":"580334000","current_liabilities_to_current_assets":"3.27","liabilities_to_assets":"0.92"},"2015-12-31":{"Total Revenue":"28246.0","Operating Income":"4604.0","Net Income":"2642.0","operating_margin":"0.16","net_margin":"0.09","Total Current Assets":"145222000","Total Assets":"749855000","Total Current Liabilities":"576216000","Total Liabilities":"694572000","current_liabilities_to_current_assets":"3.97","liabilities_to_assets":"0.93"},"2016-12-31":{"Total Revenue":"29325.0","Operating Income":"6391.0","Net Income":"3475.0","operating_margin":"0.22","net_margin":"0.12","Total Current Assets":"155293000","Total Assets":"731856000","Total Current Liabilities":"565156000","Total Liabilities":"676428000","current_liabilities_to_current_assets":"3.64","liabilities_to_assets":"0.92","revenue_diff":"0.04","operating_margin_diff":"0.38","liabilities_to_assets_diff":"-0.01"}},"BME:BKIA":{"name":"BKIA","market":"BME","2013-12-31":{"Total Revenue":"2727.1","Operating Income":"147.4","Net Income":"407.6","operating_margin":"0.05","net_margin":"0.15","Total Current Assets":"46763000","Total Assets":"251569000","Total Current Liabilities":"214767000","Total Liabilities":"240209000","current_liabilities_to_current_assets":"4.59","liabilities_to_assets":"0.95"},"2014-12-31":{"Total Revenue":"3413.5","Operating Income":"1108.2","Net Income":"747.1","operating_margin":"0.32","net_margin":"0.22","Total Current Assets":"40550000","Total Assets":"233649000","Total Current Liabilities":"195346000","Total Liabilities":"221115000","current_liabilities_to_current_assets":"4.82","liabilities_to_assets":"0.95"},"2015-12-31":{"Total Revenue":"3368.4","Operating Income":"1413.3","Net Income":"1040.0","operating_margin":"0.42","net_margin":"0.31","Total Current Assets":"23589000","Total Assets":"206970000","Total Current Liabilities":"171896000","Total Liabilities":"194274000","current_liabilities_to_current_assets":"7.29","liabilities_to_assets":"0.94"},"2016-12-31":{"Total Revenue":"3086.2","Operating Income":"1300.8","Net Income":"804.2","operating_margin":"0.42","net_margin":"0.26","Total Current Assets":"17454000","Total Assets":"190167000","Total Current Liabilities":"156647000","Total Liabilities":"177330000","current_liabilities_to_current_assets":"8.97","liabilities_to_assets":"0.93","revenue_diff":"-0.08","operating_margin_diff":"0.00","liabilities_to_assets_diff":"-0.01"}},"BME:BKT":{"name":"BKT","market":"BME","2013-12-31":{"Total Revenue":"1518.4","Operating Income":"354.7","Net Income":"189.9","operating_margin":"0.23","net_margin":"0.13","Total Current Assets":"7175000","Total Assets":"55158000","Total Current Liabilities":"40726000","Total Liabilities":"51805000","current_liabilities_to_current_assets":"5.68","liabilities_to_assets":"0.94"},"2014-12-31":{"Total Revenue":"1633.2","Operating Income":"450.7","Net Income":"275.9","operating_margin":"0.28","net_margin":"0.17","Total Current Assets":"7700000","Total Assets":"57333000","Total Current Liabilities":"42742000","Total Liabilities":"53690000","current_liabilities_to_current_assets":"5.55","liabilities_to_assets":"0.94"},"2015-12-31":{"Total Revenue":"1811.6","Operating Income":"593.2","Net Income":"375.9","operating_margin":"0.33","net_margin":"0.21","Total Current Assets":"6816000","Total Assets":"58660000","Total Current Liabilities":"42719000","Total Liabilities":"54862000","current_liabilities_to_current_assets":"6.27","liabilities_to_assets":"0.94"},"2016-12-31":{"Total Revenue":"2017.4","Operating Income":"607.7","Net Income":"490.1","operating_margin":"0.30","net_margin":"0.24","Total Current Assets":"7202000","Total Assets":"67182000","Total Current Liabilities":"53005000","Total Liabilities":"63085000","current_liabilities_to_current_assets":"7.36","liabilities_to_assets":"0.94","revenue_diff":"0.11","operating_margin_diff":"-0.09","liabilities_to_assets_diff":"0.00"}},"BME:CABK":{"name":"CABK","market":"BME","2013-12-31":{"Total Revenue":"2391.3","Operating Income":"-2749.4","Net Income":"315.9","operating_margin":"-1.15","net_margin":"0.13","Total Current Assets":"35453000","Total Assets":"340320000","Total Current Liabilities":"215844000","Total Liabilities":"316374000","current_liabilities_to_current_assets":"6.09","liabilities_to_assets":"0.93"},"2014-12-31":{"Total Revenue":"5808.2","Operating Income":"588.1","Net Income":"620.0","operating_margin":"0.10","net_margin":"0.11","Total Current Assets":"33558000","Total Assets":"338623000","Total Current Liabilities":"226207000","Total Liabilities":"313391000","current_liabilities_to_current_assets":"6.74","liabilities_to_assets":"0.93"},"2015-12-31":{"Total Revenue":"6828.1","Operating Income":"702.1","Net Income":"814.5","operating_margin":"0.10","net_margin":"0.12","Total Current Assets":"35226000","Total Assets":"344255000","Total Current Liabilities":"237897000","Total Liabilities":"319051000","current_liabilities_to_current_assets":"6.75","liabilities_to_assets":"0.93"},"2016-12-31":{"Total Revenue":"7985.9","Operating Income":"2642.3","Net Income":"1047.0","operating_margin":"0.33","net_margin":"0.13","Total Current Assets":"37540000","Total Assets":"347927000","Total Current Liabilities":"242575000","Total Liabilities":"324372000","current_liabilities_to_current_assets":"6.46","liabilities_to_assets":"0.93","revenue_diff":"0.17","operating_margin_diff":"2.30","liabilities_to_assets_diff":"0.00"}},"BME:DIA":{"name":"DIA","market":"BME","2013-12-31":{"Total Revenue":"8039.8","Operating Income":"354.0","Net Income":"209.3","operating_margin":"0.04","net_margin":"0.03","Total Current Assets":"1131000","Total Assets":"3371000","Total Current Liabilities":"2347000","Total Liabilities":"3187000","current_liabilities_to_current_assets":"2.08","liabilities_to_assets":"0.95"},"2014-12-31":{"Total Revenue":"8011.0","Operating Income":"323.9","Net Income":"329.2","operating_margin":"0.04","net_margin":"0.04","Total Current Assets":"1130000","Total Assets":"3127000","Total Current Liabilities":"2120000","Total Liabilities":"2749000","current_liabilities_to_current_assets":"1.88","liabilities_to_assets":"0.88"},"2015-12-31":{"Total Revenue":"8925.5","Operating Income":"274.1","Net Income":"299.2","operating_margin":"0.03","net_margin":"0.03","Total Current Assets":"1088000","Total Assets":"3443000","Total Current Liabilities":"2136000","Total Liabilities":"3129000","current_liabilities_to_current_assets":"1.96","liabilities_to_assets":"0.91"},"2016-12-31":{"Total Revenue":"8867.6","Operating Income":"295.1","Net Income":"174.0","operating_margin":"0.03","net_margin":"0.02","Total Current Assets":"1409000","Total Assets":"3916000","Total Current Liabilities":"2369000","Total Liabilities":"3524000","current_liabilities_to_current_assets":"1.68","liabilities_to_assets":"0.90","revenue_diff":"-0.01","operating_margin_diff":"0.00","liabilities_to_assets_diff":"-0.01"}},"BME:ELE":{"name":"ELE","market":"BME","2013-12-31":{"Total Revenue":"20509.0","Operating Income":"1615.0","Net Income":"1879.0","operating_margin":"0.08","net_margin":"0.09","Total Current Assets":"13262000","Total Assets":"55957000","Total Current Liabilities":"11042000","Total Liabilities":"29195000","current_liabilities_to_current_assets":"0.83","liabilities_to_assets":"0.52"},"2014-12-31":{"Total Revenue":"20473.0","Operating Income":"1472.0","Net Income":"3337.0","operating_margin":"0.07","net_margin":"0.16","Total Current Assets":"6184000","Total Assets":"30696000","Total Current Liabilities":"6406000","Total Liabilities":"22121000","current_liabilities_to_current_assets":"1.04","liabilities_to_assets":"0.72"},"2015-12-31":{"Total Revenue":"19281.0","Operating Income":"1598.0","Net Income":"1086.0","operating_margin":"0.08","net_margin":"0.06","Total Current Assets":"4979000","Total Assets":"29245000","Total Current Liabilities":"5871000","Total Liabilities":"20206000","current_liabilities_to_current_assets":"1.18","liabilities_to_assets":"0.69"},"2016-12-31":{"Total Revenue":"18313.0","Operating Income":"1965.0","Net Income":"1411.0","operating_margin":"0.11","net_margin":"0.08","Total Current Assets":"5435000","Total Assets":"30964000","Total Current Liabilities":"7521000","Total Liabilities":"21876000","current_liabilities_to_current_assets":"1.38","liabilities_to_assets":"0.71","revenue_diff":"-0.05","operating_margin_diff":"0.38","liabilities_to_assets_diff":"0.03"}},"BME:ENG":{"name":"ENG","market":"BME","2013-12-31":{"Total Revenue":"1233.0","Operating Income":"649.7","Net Income":"403.2","operating_margin":"0.53","net_margin":"0.33","Total Current Assets":"1044000","Total Assets":"7043000","Total Current Liabilities":"730000","Total Liabilities":"4904000","current_liabilities_to_current_assets":"0.70","liabilities_to_assets":"0.70"},"2014-12-31":{"Total Revenue":"1206.2","Operating Income":"589.6","Net Income":"406.5","operating_margin":"0.49","net_margin":"0.34","Total Current Assets":"1059000","Total Assets":"7712000","Total Current Liabilities":"1179000","Total Liabilities":"5452000","current_liabilities_to_current_assets":"1.11","liabilities_to_assets":"0.71"},"2015-12-31":{"Total Revenue":"1196.4","Operating Income":"602.0","Net Income":"412.7","operating_margin":"0.50","net_margin":"0.34","Total Current Assets":"680000","Total Assets":"7752000","Total Current Liabilities":"644000","Total Liabilities":"5360000","current_liabilities_to_current_assets":"0.95","liabilities_to_assets":"0.69"},"2016-12-31":{"Total Revenue":"1188.0","Operating Income":"610.5","Net Income":"417.2","operating_margin":"0.51","net_margin":"0.35","Total Current Assets":"1287000","Total Assets":"9248000","Total Current Liabilities":"1368000","Total Liabilities":"6785000","current_liabilities_to_current_assets":"1.06","liabilities_to_assets":"0.73","revenue_diff":"-0.01","operating_margin_diff":"0.02","liabilities_to_assets_diff":"0.06"}},"BME:FCC":{"name":"FCC","market":"BME","2013-12-31":{"Total Revenue":"6750.0","Operating Income":"-307.7","Net Income":"-1506.3","operating_margin":"-0.05","net_margin":"-0.22","Total Current Assets":"7174000","Total Assets":"15632000","Total Current Liabilities":"11914000","Total Liabilities":"15389000","current_liabilities_to_current_assets":"1.66","liabilities_to_assets":"0.98"},"2014-12-31":{"Total Revenue":"6334.1","Operating Income":"-345.6","Net Income":"-724.3","operating_margin":"-0.05","net_margin":"-0.11","Total Current Assets":"6169000","Total Assets":"14023000","Total Current Liabilities":"5693000","Total Liabilities":"13527000","current_liabilities_to_current_assets":"0.92","liabilities_to_assets":"0.96"},"2015-12-31":{"Total Revenue":"6476.0","Operating Income":"323.8","Net Income":"-46.3","operating_margin":"0.05","net_margin":"-0.01","Total Current Assets":"4678000","Total Assets":"12862000","Total Current Liabilities":"4657000","Total Liabilities":"12375000","current_liabilities_to_current_assets":"1.00","liabilities_to_assets":"0.96"},"2016-12-31":{"Total Revenue":"5951.6","Operating Income":"93.6","Net Income":"-161.6","operating_margin":"0.02","net_margin":"-0.03","Total Current Assets":"3761000","Total Assets":"10770000","Total Current Liabilities":"3237000","Total Liabilities":"9833000","current_liabilities_to_current_assets":"0.86","liabilities_to_assets":"0.91","revenue_diff":"-0.08","operating_margin_diff":"-0.60","liabilities_to_assets_diff":"-0.05"}},"BME:FER":{"name":"FER","market":"BME","2013-12-31":{"Total Revenue":"8166.0","Operating Income":"827.0","Net Income":"727.0","operating_margin":"0.10","net_margin":"0.09","Total Current Assets":"5628000","Total Assets":"22840000","Total Current Liabilities":"5033000","Total Liabilities":"16766000","current_liabilities_to_current_assets":"0.89","liabilities_to_assets":"0.73"},"2014-12-31":{"Total Revenue":"8802.0","Operating Income":"743.0","Net Income":"402.0","operating_margin":"0.08","net_margin":"0.05","Total Current Assets":"6047000","Total Assets":"25473000","Total Current Liabilities":"5435000","Total Liabilities":"19452000","current_liabilities_to_current_assets":"0.90","liabilities_to_assets":"0.76"},"2015-12-31":{"Total Revenue":"9701.0","Operating Income":"901.0","Net Income":"720.0","operating_margin":"0.09","net_margin":"0.07","Total Current Assets":"8563000","Total Assets":"25384000","Total Current Liabilities":"8442000","Total Liabilities":"18843000","current_liabilities_to_current_assets":"0.99","liabilities_to_assets":"0.74"},"2016-12-31":{"Total Revenue":"10759.0","Operating Income":"926.0","Net Income":"376.0","operating_margin":"0.09","net_margin":"0.03","Total Current Assets":"7750000","Total Assets":"23397000","Total Current Liabilities":"5556000","Total Liabilities":"17083000","current_liabilities_to_current_assets":"0.72","liabilities_to_assets":"0.73","revenue_diff":"0.11","operating_margin_diff":"0.00","liabilities_to_assets_diff":"-0.01"}},"BME:SGRE":{"name":"SGRE","market":"BME","2013-12-31":{"Total Revenue":"2335.6","Operating Income":"123.1","Net Income":"45.0","operating_margin":"0.05","net_margin":"0.02","Total Current Assets":"3307000","Total Assets":"4759000","Total Current Liabilities":"2829000","Total Liabilities":"3742000","current_liabilities_to_current_assets":"0.86","liabilities_to_assets":"0.79"},"2014-12-31":{"Total Revenue":"2846.2","Operating Income":"181.2","Net Income":"91.8","operating_margin":"0.06","net_margin":"0.03","Total Current Assets":"2794000","Total Assets":"4252000","Total Current Liabilities":"1966000","Total Liabilities":"2866000","current_liabilities_to_current_assets":"0.70","liabilities_to_assets":"0.67"},"2015-12-31":{"Total Revenue":"3503.8","Operating Income":"322.7","Net Income":"170.2","operating_margin":"0.09","net_margin":"0.05","Total Current Assets":"3061000","Total Assets":"4641000","Total Current Liabilities":"2248000","Total Liabilities":"3113000","current_liabilities_to_current_assets":"0.73","liabilities_to_assets":"0.67","revenue_diff":"inf","operating_margin_diff":"inf","liabilities_to_assets_diff":"inf"},"2016-12-31":{"Total Revenue":"4612.0","Operating Income":"477.4","Net Income":"301.3","operating_margin":"0.10","net_margin":"0.07","Total Current Assets":"4227000","Total Assets":"5895000","Total Current Liabilities":"3288000","Total Liabilities":"4130000","current_liabilities_to_current_assets":"0.78","liabilities_to_assets":"0.70","revenue_diff":"0.32","operating_margin_diff":"0.11","liabilities_to_assets_diff":"0.04"}},"BME:GAS":{"name":"GAS","market":"BME","2013-12-31":{"Total Revenue":"24322.0","Operating Income":"3022.0","Net Income":"1445.0","operating_margin":"0.12","net_margin":"0.06","Total Current Assets":"10343000","Total Assets":"43511000","Total Current Liabilities":"8357000","Total Liabilities":"28544000","current_liabilities_to_current_assets":"0.81","liabilities_to_assets":"0.66"},"2014-12-31":{"Total Revenue":"24697.0","Operating Income":"3185.0","Net Income":"1462.0","operating_margin":"0.13","net_margin":"0.06","Total Current Assets":"10821000","Total Assets":"50328000","Total Current Liabilities":"8423000","Total Liabilities":"32308000","current_liabilities_to_current_assets":"0.78","liabilities_to_assets":"0.64"},"2015-12-31":{"Total Revenue":"26015.0","Operating Income":"3261.0","Net Income":"1502.0","operating_margin":"0.13","net_margin":"0.06","Total Current Assets":"9727000","Total Assets":"48132000","Total Current Liabilities":"8133000","Total Liabilities":"29614000","current_liabilities_to_current_assets":"0.84","liabilities_to_assets":"0.62"},"2016-12-31":{"Total Revenue":"23184.0","Operating Income":"3006.0","Net Income":"1347.0","operating_margin":"0.13","net_margin":"0.06","Total Current Assets":"8213000","Total Assets":"47114000","Total Current Liabilities":"7176000","Total Liabilities":"28109000","current_liabilities_to_current_assets":"0.87","liabilities_to_assets":"0.60","revenue_diff":"-0.11","operating_margin_diff":"0.00","liabilities_to_assets_diff":"-0.03"}},"BME:GRF":{"name":"GRF","market":"BME","2013-12-31":{"Total Revenue":"2741.7","Operating Income":"736.1","Net Income":"345.6","operating_margin":"0.27","net_margin":"0.13","Total Current Assets":"2140000","Total Assets":"5841000","Total Current Liabilities":"715000","Total Liabilities":"3734000","current_liabilities_to_current_assets":"0.33","liabilities_to_assets":"0.64"},"2014-12-31":{"Total Revenue":"3355.4","Operating Income":"857.7","Net Income":"470.3","operating_margin":"0.26","net_margin":"0.14","Total Current Assets":"2913000","Total Assets":"8450000","Total Current Liabilities":"1080000","Total Liabilities":"5787000","current_liabilities_to_current_assets":"0.37","liabilities_to_assets":"0.68"},"2015-12-31":{"Total Revenue":"3934.6","Operating Income":"970.4","Net Income":"532.1","operating_margin":"0.25","net_margin":"0.14","Total Current Assets":"3089000","Total Assets":"9602000","Total Current Liabilities":"1053000","Total Liabilities":"6300000","current_liabilities_to_current_assets":"0.34","liabilities_to_assets":"0.66"},"2016-12-31":{"Total Revenue":"4049.8","Operating Income":"939.4","Net Income":"545.5","operating_margin":"0.23","net_margin":"0.13","Total Current Assets":"3123000","Total Assets":"10130000","Total Current Liabilities":"1072000","Total Liabilities":"6402000","current_liabilities_to_current_assets":"0.34","liabilities_to_assets":"0.63","revenue_diff":"0.03","operating_margin_diff":"-0.08","liabilities_to_assets_diff":"-0.05"}},"BME:IAG":{"name":"IAG","market":"BME","2013-12-31":{"Total Revenue":"18569.0","Operating Income":"527.0","Net Income":"122.0","operating_margin":"0.03","net_margin":"0.01","Total Current Assets":"6018000","Total Assets":"20777000","Total Current Liabilities":"8317000","Total Liabilities":"16561000","current_liabilities_to_current_assets":"1.38","liabilities_to_assets":"0.80"},"2014-12-31":{"Total Revenue":"20170.0","Operating Income":"1029.0","Net Income":"982.0","operating_margin":"0.05","net_margin":"0.05","Total Current Assets":"7427000","Total Assets":"23652000","Total Current Liabilities":"9801000","Total Liabilities":"19859000","current_liabilities_to_current_assets":"1.32","liabilities_to_assets":"0.84"},"2015-12-31":{"Total Revenue":"22858.0","Operating Income":"2318.0","Net Income":"1495.0","operating_margin":"0.10","net_margin":"0.07","Total Current Assets":"9089000","Total Assets":"28236000","Total Current Liabilities":"11366000","Total Liabilities":"22702000","current_liabilities_to_current_assets":"1.25","liabilities_to_assets":"0.80"},"2016-12-31":{"Total Revenue":"22567.0","Operating Income":"2484.0","Net Income":"1931.0","operating_margin":"0.11","net_margin":"0.09","Total Current Assets":"9785000","Total Assets":"27373000","Total Current Liabilities":"9336000","Total Liabilities":"21709000","current_liabilities_to_current_assets":"0.95","liabilities_to_assets":"0.79","revenue_diff":"-0.01","operating_margin_diff":"0.10","liabilities_to_assets_diff":"-0.01"}},"BME:IBE":{"name":"IBE","market":"BME","2013-12-31":{"Total Revenue":"31077.1","Operating Income":"2219.5","Net Income":"2571.8","operating_margin":"0.07","net_margin":"0.08","Total Current Assets":"10197000","Total Assets":"89787000","Total Current Liabilities":"11156000","Total Liabilities":"54498000","current_liabilities_to_current_assets":"1.09","liabilities_to_assets":"0.61"},"2014-12-31":{"Total Revenue":"30032.3","Operating Income":"3940.9","Net Income":"2326.5","operating_margin":"0.13","net_margin":"0.08","Total Current Assets":"11243000","Total Assets":"93742000","Total Current Liabilities":"13591000","Total Liabilities":"58037000","current_liabilities_to_current_assets":"1.21","liabilities_to_assets":"0.62"},"2015-12-31":{"Total Revenue":"31418.7","Operating Income":"3829.3","Net Income":"2421.6","operating_margin":"0.12","net_margin":"0.08","Total Current Assets":"10679000","Total Assets":"104664000","Total Current Liabilities":"14589000","Total Liabilities":"63708000","current_liabilities_to_current_assets":"1.37","liabilities_to_assets":"0.61"},"2016-12-31":{"Total Revenue":"29215.4","Operating Income":"4554.0","Net Income":"2705.0","operating_margin":"0.16","net_margin":"0.09","Total Current Assets":"10726000","Total Assets":"106706000","Total Current Liabilities":"14075000","Total Liabilities":"66019000","current_liabilities_to_current_assets":"1.31","liabilities_to_assets":"0.62","revenue_diff":"-0.07","operating_margin_diff":"0.33","liabilities_to_assets_diff":"0.02"}},"BME:IDR":{"name":"IDR","market":"BME","2013-12-31":{"Total Revenue":"2914.1","Operating Income":"198.3","Net Income":"115.8","operating_margin":"0.07","net_margin":"0.04","Total Current Assets":"2574000","Total Assets":"3777000","Total Current Liabilities":"1693000","Total Liabilities":"2642000","current_liabilities_to_current_assets":"0.66","liabilities_to_assets":"0.70"},"2014-12-31":{"Total Revenue":"2937.9","Operating Income":"-42.5","Net Income":"-91.9","operating_margin":"-0.01","net_margin":"-0.03","Total Current Assets":"2275000","Total Assets":"3481000","Total Current Liabilities":"1616000","Total Liabilities":"2528000","current_liabilities_to_current_assets":"0.71","liabilities_to_assets":"0.73"},"2015-12-31":{"Total Revenue":"2850.4","Operating Income":"-641.5","Net Income":"-641.2","operating_margin":"-0.23","net_margin":"-0.22","Total Current Assets":"1918000","Total Assets":"3064000","Total Current Liabilities":"1650000","Total Liabilities":"2757000","current_liabilities_to_current_assets":"0.86","liabilities_to_assets":"0.90"},"2016-12-31":{"Total Revenue":"2709.3","Operating Income":"161.5","Net Income":"69.9","operating_margin":"0.06","net_margin":"0.03","Total Current Assets":"2108000","Total Assets":"3332000","Total Current Liabilities":"1608000","Total Liabilities":"2954000","current_liabilities_to_current_assets":"0.76","liabilities_to_assets":"0.89","revenue_diff":"-0.05","operating_margin_diff":"-1.26","liabilities_to_assets_diff":"-0.01"}},"BME:ITX":{"name":"ITX","market":"BME","2014-01-31":{"Total Revenue":"16724.4","Operating Income":"3070.9","Net Income":"2377.1","operating_margin":"0.18","net_margin":"0.14","Total Current Assets":"6765000","Total Assets":"13756000","Total Current Liabilities":"3462000","Total Liabilities":"4478000","current_liabilities_to_current_assets":"0.51","liabilities_to_assets":"0.33"},"2015-01-31":{"Total Revenue":"18116.5","Operating Income":"3198.2","Net Income":"2500.5","operating_margin":"0.18","net_margin":"0.14","Total Current Assets":"7106000","Total Assets":"15377000","Total Current Liabilities":"3749000","Total Liabilities":"4908000","current_liabilities_to_current_assets":"0.53","liabilities_to_assets":"0.32"},"2016-01-31":{"Total Revenue":"20900.4","Operating Income":"3677.4","Net Income":"2874.6","operating_margin":"0.18","net_margin":"0.14","Total Current Assets":"8449000","Total Assets":"17357000","Total Current Liabilities":"4670000","Total Liabilities":"5906000","current_liabilities_to_current_assets":"0.55","liabilities_to_assets":"0.34"},"2017-01-31":{"Total Revenue":"23310.5","Operating Income":"4020.7","Net Income":"3157.0","operating_margin":"0.17","net_margin":"0.14","Total Current Assets":"9898000","Total Assets":"19621000","Total Current Liabilities":"5451000","Total Liabilities":"6870000","current_liabilities_to_current_assets":"0.55","liabilities_to_assets":"0.35","revenue_diff":"0.12","operating_margin_diff":"-0.06","liabilities_to_assets_diff":"0.03"}},"BME:MAP":{"name":"MAP","market":"BME","2013-12-31":{"Total Revenue":"22382.1","Operating Income":"1563.9","Net Income":"790.5","operating_margin":"0.07","net_margin":"0.04","Total Current Assets":"15037000","Total Assets":"56826000","Total Current Liabilities":"8926000","Total Liabilities":"46932000","current_liabilities_to_current_assets":"0.59","liabilities_to_assets":"0.83"},"2014-12-31":{"Total Revenue":"22032.5","Operating Income":"1745.5","Net Income":"845.1","operating_margin":"0.08","net_margin":"0.04","Total Current Assets":"17166000","Total Assets":"65415000","Total Current Liabilities":"17657000","Total Liabilities":"53946000","current_liabilities_to_current_assets":"1.03","liabilities_to_assets":"0.82"},"2015-12-31":{"Total Revenue":"22629.2","Operating Income":"1484.0","Net Income":"708.8","operating_margin":"0.07","net_margin":"0.03","Total Current Assets":"17769000","Total Assets":"63489000","Total Current Liabilities":"23311000","Total Liabilities":"53081000","current_liabilities_to_current_assets":"1.31","liabilities_to_assets":"0.84"},"2016-12-31":{"Total Revenue":"23702.0","Operating Income":"1845.1","Net Income":"775.5","operating_margin":"0.08","net_margin":"0.03","Total Current Assets":"20867000","Total Assets":"67882000","Total Current Liabilities":"25267000","Total Liabilities":"56438000","current_liabilities_to_current_assets":"1.21","liabilities_to_assets":"0.83","revenue_diff":"0.05","operating_margin_diff":"0.14","liabilities_to_assets_diff":"-0.01"}},"BME:MEL":{"name":"MEL","market":"BME","2013-12-31":{"Total Revenue":"1368.7","Operating Income":"174.9","Net Income":"-73.2","operating_margin":"0.13","net_margin":"-0.05","Total Current Assets":"930000","Total Assets":"3394000","Total Current Liabilities":"912000","Total Liabilities":"2238000","current_liabilities_to_current_assets":"0.98","liabilities_to_assets":"0.66"},"2014-12-31":{"Total Revenue":"1495.0","Operating Income":"130.8","Net Income":"30.4","operating_margin":"0.09","net_margin":"0.02","Total Current Assets":"714000","Total Assets":"3216000","Total Current Liabilities":"762000","Total Liabilities":"1948000","current_liabilities_to_current_assets":"1.07","liabilities_to_assets":"0.61"},"2015-12-31":{"Total Revenue":"1738.2","Operating Income":"163.9","Net Income":"36.0","operating_margin":"0.09","net_margin":"0.02","Total Current Assets":"743000","Total Assets":"3163000","Total Current Liabilities":"874000","Total Liabilities":"1848000","current_liabilities_to_current_assets":"1.18","liabilities_to_assets":"0.58"},"2016-12-31":{"Total Revenue":"1802.0","Operating Income":"175.7","Net Income":"100.7","operating_margin":"0.10","net_margin":"0.06","Total Current Assets":"783000","Total Assets":"3323000","Total Current Liabilities":"879000","Total Liabilities":"1760000","current_liabilities_to_current_assets":"1.12","liabilities_to_assets":"0.53","revenue_diff":"0.04","operating_margin_diff":"0.11","liabilities_to_assets_diff":"-0.09"}},"BME:MTS":{"name":"MTS","market":"BME","2013-12-31":{"Total Revenue":"68367.7","Operating Income":"1030.2","Net Income":"-2190.3","operating_margin":"0.02","net_margin":"-0.03","Total Current Assets":"34025000","Total Assets":"112308000","Total Current Liabilities":"25235000","Total Liabilities":"59135000","current_liabilities_to_current_assets":"0.74","liabilities_to_assets":"0.53"},"2014-12-31":{"Total Revenue":"68231.7","Operating Income":"2611.1","Net Income":"-934.6","operating_margin":"0.04","net_margin":"-0.01","Total Current Assets":"28057000","Total Assets":"99179000","Total Current Liabilities":"21123000","Total Liabilities":"54019000","current_liabilities_to_current_assets":"0.75","liabilities_to_assets":"0.54"},"2015-12-31":{"Total Revenue":"54716.5","Operating Income":"-3581.0","Net Income":"-6838.5","operating_margin":"-0.07","net_margin":"-0.12","Total Current Assets":"22326000","Total Assets":"76846000","Total Current Liabilities":"18041000","Total Liabilities":"49276000","current_liabilities_to_current_assets":"0.81","liabilities_to_assets":"0.64"},"2016-12-31":{"Total Revenue":"48875.5","Operating Income":"3581.0","Net Income":"1531.0","operating_margin":"0.07","net_margin":"0.03","Total Current Assets":"22247000","Total Assets":"75142000","Total Current Liabilities":"18115000","Total Liabilities":"42817000","current_liabilities_to_current_assets":"0.81","liabilities_to_assets":"0.57","revenue_diff":"-0.11","operating_margin_diff":"-2.00","liabilities_to_assets_diff":"-0.11"}},"BME:OHL":{"name":"OHL","market":"BME","2013-12-31":{"Total Revenue":"3517.9","Operating Income":"1029.0","Net Income":"270.4","operating_margin":"0.29","net_margin":"0.08","Total Current Assets":"3444000","Total Assets":"13596000","Total Current Liabilities":"3004000","Total Liabilities":"10314000","current_liabilities_to_current_assets":"0.87","liabilities_to_assets":"0.76"},"2014-12-31":{"Total Revenue":"3634.1","Operating Income":"614.1","Net Income":"23.2","operating_margin":"0.17","net_margin":"0.01","Total Current Assets":"3720000","Total Assets":"14230000","Total Current Liabilities":"3689000","Total Liabilities":"10738000","current_liabilities_to_current_assets":"0.99","liabilities_to_assets":"0.75"},"2015-12-31":{"Total Revenue":"4368.9","Operating Income":"684.8","Net Income":"55.6","operating_margin":"0.16","net_margin":"0.01","Total Current Assets":"5055000","Total Assets":"15289000","Total Current Liabilities":"3894000","Total Liabilities":"10477000","current_liabilities_to_current_assets":"0.77","liabilities_to_assets":"0.69"},"2016-12-31":{"Total Revenue":"3862.6","Operating Income":"21.9","Net Income":"-432.3","operating_margin":"0.01","net_margin":"-0.11","Total Current Assets":"4331000","Total Assets":"12920000","Total Current Liabilities":"3424000","Total Liabilities":"8877000","current_liabilities_to_current_assets":"0.79","liabilities_to_assets":"0.69","revenue_diff":"-0.12","operating_margin_diff":"-0.94","liabilities_to_assets_diff":"0.00"}},"BME:REE":{"name":"REE","market":"BME","2013-12-31":{"Total Revenue":"1758.3","Operating Income":"898.7","Net Income":"529.1","operating_margin":"0.51","net_margin":"0.30","Total Current Assets":"805000","Total Assets":"9420000","Total Current Liabilities":"1358000","Total Liabilities":"7195000","current_liabilities_to_current_assets":"1.69","liabilities_to_assets":"0.76"},"2014-12-31":{"Total Revenue":"1846.7","Operating Income":"949.2","Net Income":"717.8","operating_margin":"0.51","net_margin":"0.39","Total Current Assets":"1420000","Total Assets":"10558000","Total Current Liabilities":"1827000","Total Liabilities":"8006000","current_liabilities_to_current_assets":"1.29","liabilities_to_assets":"0.76"},"2015-12-31":{"Total Revenue":"1938.9","Operating Income":"989.0","Net Income":"606.0","operating_margin":"0.51","net_margin":"0.31","Total Current Assets":"1441000","Total Assets":"10598000","Total Current Liabilities":"1797000","Total Liabilities":"7837000","current_liabilities_to_current_assets":"1.25","liabilities_to_assets":"0.74"},"2016-12-31":{"Total Revenue":"1932.3","Operating Income":"1003.3","Net Income":"636.9","operating_margin":"0.52","net_margin":"0.33","Total Current Assets":"1294000","Total Assets":"10550000","Total Current Liabilities":"1402000","Total Liabilities":"7630000","current_liabilities_to_current_assets":"1.08","liabilities_to_assets":"0.72","revenue_diff":"-0.00","operating_margin_diff":"0.02","liabilities_to_assets_diff":"-0.03"}},"BME:REP":{"name":"REP","market":"BME","2013-12-31":{"Total Revenue":"46089.0","Operating Income":"959.0","Net Income":"195.0","operating_margin":"0.02","net_margin":"0.00","Total Current Assets":"17776000","Total Assets":"55547000","Total Current Liabilities":"13376000","Total Liabilities":"28097000","current_liabilities_to_current_assets":"0.75","liabilities_to_assets":"0.51"},"2014-12-31":{"Total Revenue":"45433.0","Operating Income":"78.0","Net Income":"1612.0","operating_margin":"0.00","net_margin":"0.04","Total Current Assets":"17041000","Total Assets":"51889000","Total Current Liabilities":"10243000","Total Liabilities":"23735000","current_liabilities_to_current_assets":"0.60","liabilities_to_assets":"0.46"},"2015-12-31":{"Total Revenue":"39737.0","Operating Income":"-2724.0","Net Income":"-1398.0","operating_margin":"-0.07","net_margin":"-0.04","Total Current Assets":"12752000","Total Assets":"63196000","Total Current Liabilities":"14477000","Total Liabilities":"34434000","current_liabilities_to_current_assets":"1.14","liabilities_to_assets":"0.54"},"2016-12-31":{"Total Revenue":"34689.0","Operating Income":"1911.0","Net Income":"1736.0","operating_margin":"0.06","net_margin":"0.05","Total Current Assets":"15928000","Total Assets":"64849000","Total Current Liabilities":"14737000","Total Liabilities":"33738000","current_liabilities_to_current_assets":"0.93","liabilities_to_assets":"0.52","revenue_diff":"-0.13","operating_margin_diff":"-1.86","liabilities_to_assets_diff":"-0.04"}},"BME:SAB":{"name":"SAB","market":"BME","2013-12-31":{"Total Revenue":"3649.0","Operating Income":"739.8","Net Income":"145.9","operating_margin":"0.20","net_margin":"0.04","Total Current Assets":"15969000","Total Assets":"163523000","Total Current Liabilities":"124551000","Total Liabilities":"153306000","current_liabilities_to_current_assets":"7.80","liabilities_to_assets":"0.94"},"2014-12-31":{"Total Revenue":"3666.3","Operating Income":"1139.6","Net Income":"371.7","operating_margin":"0.31","net_margin":"0.10","Total Current Assets":"16184000","Total Assets":"163346000","Total Current Liabilities":"119647000","Total Liabilities":"152130000","current_liabilities_to_current_assets":"7.39","liabilities_to_assets":"0.93"},"2015-12-31":{"Total Revenue":"4219.3","Operating Income":"1354.6","Net Income":"708.4","operating_margin":"0.32","net_margin":"0.17","Total Current Assets":"17969000","Total Assets":"208628000","Total Current Liabilities":"159362000","Total Liabilities":"195860000","current_liabilities_to_current_assets":"8.87","liabilities_to_assets":"0.94"},"2016-12-31":{"Total Revenue":"5312.3","Operating Income":"1860.8","Net Income":"710.4","operating_margin":"0.35","net_margin":"0.13","Total Current Assets":"23500000","Total Assets":"212508000","Total Current Liabilities":"167151000","Total Liabilities":"199425000","current_liabilities_to_current_assets":"7.11","liabilities_to_assets":"0.94","revenue_diff":"0.26","operating_margin_diff":"0.09","liabilities_to_assets_diff":"0.00"}},"BME:SAN":{"name":"SAN","market":"BME","2013-12-31":{"Total Revenue":"45630.0","Operating Income":"7378.0","Net Income":"4175.0","operating_margin":"0.16","net_margin":"0.09","Total Current Assets":"297814000","Total Assets":"1115763000","Total Current Liabilities":"866936000","Total Liabilities":"1036121000","current_liabilities_to_current_assets":"2.91","liabilities_to_assets":"0.93"},"2014-12-31":{"Total Revenue":"47985.0","Operating Income":"10873.0","Net Income":"5816.0","operating_margin":"0.23","net_margin":"0.12","Total Current Assets":"290719000","Total Assets":"1266296000","Total Current Liabilities":"994706000","Total Liabilities":"1176582000","current_liabilities_to_current_assets":"3.42","liabilities_to_assets":"0.93"},"2015-12-31":{"Total Revenue":"49128.0","Operating Income":"10006.0","Net Income":"5966.0","operating_margin":"0.20","net_margin":"0.12","Total Current Assets":"305640000","Total Assets":"1340260000","Total Current Liabilities":"1039017000","Total Liabilities":"1241507000","current_liabilities_to_current_assets":"3.40","liabilities_to_assets":"0.93"},"2016-12-31":{"Total Revenue":"48046.0","Operating Income":"10854.0","Net Income":"6204.0","operating_margin":"0.23","net_margin":"0.13","Total Current Assets":"307671000","Total Assets":"1339125000","Total Current Liabilities":"1030727000","Total Liabilities":"1236426000","current_liabilities_to_current_assets":"3.35","liabilities_to_assets":"0.92","revenue_diff":"-0.02","operating_margin_diff":"0.15","liabilities_to_assets_diff":"-0.01"}},"BME:SCYR":{"name":"SCYR","market":"BME","2013-12-31":{"Total Revenue":"2672.3","Operating Income":"66.7","Net Income":"-499.0","operating_margin":"0.02","net_margin":"-0.19","Total Current Assets":"3820000","Total Assets":"12498000","Total Current Liabilities":"4873000","Total Liabilities":"11466000","current_liabilities_to_current_assets":"1.28","liabilities_to_assets":"0.92"},"2014-12-31":{"Total Revenue":"2718.1","Operating Income":"193.8","Net Income":"32.7","operating_margin":"0.07","net_margin":"0.01","Total Current Assets":"3149000","Total Assets":"11604000","Total Current Liabilities":"6133000","Total Liabilities":"10278000","current_liabilities_to_current_assets":"1.95","liabilities_to_assets":"0.89"},"2015-12-31":{"Total Revenue":"2948.9","Operating Income":"147.8","Net Income":"370.0","operating_margin":"0.05","net_margin":"0.13","Total Current Assets":"3679000","Total Assets":"10457000","Total Current Liabilities":"3494000","Total Liabilities":"8546000","current_liabilities_to_current_assets":"0.95","liabilities_to_assets":"0.82"},"2016-12-31":{"Total Revenue":"2860.5","Operating Income":"208.1","Net Income":"120.2","operating_margin":"0.07","net_margin":"0.04","Total Current Assets":"3665000","Total Assets":"10689000","Total Current Liabilities":"3337000","Total Liabilities":"8609000","current_liabilities_to_current_assets":"0.91","liabilities_to_assets":"0.81","revenue_diff":"-0.03","operating_margin_diff":"0.40","liabilities_to_assets_diff":"-0.01"}},"BME:TEF":{"name":"TEF","market":"BME","2013-12-31":{"Total Revenue":"50547.0","Operating Income":"8861.0","Net Income":"4593.0","operating_margin":"0.18","net_margin":"0.09","Total Current Assets":"29265000","Total Assets":"118862000","Total Current Liabilities":"29144000","Total Liabilities":"91380000","current_liabilities_to_current_assets":"1.00","liabilities_to_assets":"0.77"},"2014-12-31":{"Total Revenue":"50377.0","Operating Income":"6967.0","Net Income":"3001.0","operating_margin":"0.14","net_margin":"0.06","Total Current Assets":"22900000","Total Assets":"122348000","Total Current Liabilities":"29709000","Total Liabilities":"92027000","current_liabilities_to_current_assets":"1.30","liabilities_to_assets":"0.75"},"2015-12-31":{"Total Revenue":"54916.0","Operating Income":"3525.0","Net Income":"616.0","operating_margin":"0.06","net_margin":"0.01","Total Current Assets":"18715000","Total Assets":"120329000","Total Current Liabilities":"34384000","Total Liabilities":"94893000","current_liabilities_to_current_assets":"1.84","liabilities_to_assets":"0.79"},"2016-12-31":{"Total Revenue":"52036.0","Operating Income":"5469.0","Net Income":"2369.0","operating_margin":"0.11","net_margin":"0.05","Total Current Assets":"19974000","Total Assets":"123641000","Total Current Liabilities":"35451000","Total Liabilities":"95256000","current_liabilities_to_current_assets":"1.77","liabilities_to_assets":"0.77","revenue_diff":"-0.05","operating_margin_diff":"0.83","liabilities_to_assets_diff":"-0.03"}},"BME:TL5":{"name":"TL5","market":"BME","2013-12-31":{"Total Revenue":"818.8","Operating Income":"70.2","Net Income":"4.2","operating_margin":"0.09","net_margin":"0.01","Total Current Assets":"350000","Total Assets":"1735000","Total Current Liabilities":"283000","Total Liabilities":"303000","current_liabilities_to_current_assets":"0.81","liabilities_to_assets":"0.17"},"2014-12-31":{"Total Revenue":"919.4","Operating Income":"144.8","Net Income":"59.5","operating_margin":"0.16","net_margin":"0.06","Total Current Assets":"523000","Total Assets":"1486000","Total Current Liabilities":"266000","Total Liabilities":"297000","current_liabilities_to_current_assets":"0.51","liabilities_to_assets":"0.20"},"2015-12-31":{"Total Revenue":"957.9","Operating Income":"205.2","Net Income":"166.2","operating_margin":"0.21","net_margin":"0.17","Total Current Assets":"469000","Total Assets":"1386000","Total Current Liabilities":"290000","Total Liabilities":"316000","current_liabilities_to_current_assets":"0.62","liabilities_to_assets":"0.23"},"2016-12-31":{"Total Revenue":"985.0","Operating Income":"224.4","Net Income":"171.0","operating_margin":"0.23","net_margin":"0.17","Total Current Assets":"437000","Total Assets":"1303000","Total Current Liabilities":"285000","Total Liabilities":"319000","current_liabilities_to_current_assets":"0.65","liabilities_to_assets":"0.24","revenue_diff":"0.03","operating_margin_diff":"0.10","liabilities_to_assets_diff":"0.04"}},"BME:TRE":{"name":"TRE","market":"BME","2013-12-31":{"Total Revenue":"2846.1","Operating Income":"148.0","Net Income":"127.6","operating_margin":"0.05","net_margin":"0.04","Total Current Assets":"2189000","Total Assets":"2363000","Total Current Liabilities":"1840000","Total Liabilities":"1924000","current_liabilities_to_current_assets":"0.84","liabilities_to_assets":"0.81"},"2014-12-31":{"Total Revenue":"3149.2","Operating Income":"157.6","Net Income":"135.6","operating_margin":"0.05","net_margin":"0.04","Total Current Assets":"2210000","Total Assets":"2439000","Total Current Liabilities":"1851000","Total Liabilities":"1983000","current_liabilities_to_current_assets":"0.84","liabilities_to_assets":"0.81"},"2015-12-31":{"Total Revenue":"4187.9","Operating Income":"86.0","Net Income":"59.4","operating_margin":"0.02","net_margin":"0.01","Total Current Assets":"3268000","Total Assets":"3613000","Total Current Liabilities":"2997000","Total Liabilities":"3216000","current_liabilities_to_current_assets":"0.92","liabilities_to_assets":"0.89"},"2016-12-31":{"Total Revenue":"4792.6","Operating Income":"191.9","Net Income":"128.9","operating_margin":"0.04","net_margin":"0.03","Total Current Assets":"3266000","Total Assets":"3599000","Total Current Liabilities":"2939000","Total Liabilities":"3158000","current_liabilities_to_current_assets":"0.90","liabilities_to_assets":"0.88","revenue_diff":"0.14","operating_margin_diff":"1.00","liabilities_to_assets_diff":"-0.01"}},"BME:FAE":{"name":"FAE","market":"BME","2013-12-31":{"Total Revenue":"180.4","Operating Income":"24.2","Net Income":"22.6","operating_margin":"0.13","net_margin":"0.13","Total Current Assets":"85000","Total Assets":"274000","Total Current Liabilities":"51000","Total Liabilities":"76000","current_liabilities_to_current_assets":"0.60","liabilities_to_assets":"0.28"},"2014-12-31":{"Total Revenue":"191.7","Operating Income":"32.8","Net Income":"25.3","operating_margin":"0.17","net_margin":"0.13","Total Current Assets":"89000","Total Assets":"267000","Total Current Liabilities":"30000","Total Liabilities":"39000","current_liabilities_to_current_assets":"0.34","liabilities_to_assets":"0.15"},"2015-12-31":{"Total Revenue":"204.7","Operating Income":"39.2","Net Income":"30.4","operating_margin":"0.19","net_margin":"0.15","Total Current Assets":"113000","Total Assets":"291000","Total Current Liabilities":"31000","Total Liabilities":"36000","current_liabilities_to_current_assets":"0.27","liabilities_to_assets":"0.12"},"2016-12-31":{"Total Revenue":"228.6","Operating Income":"46.1","Net Income":"36.6","operating_margin":"0.20","net_margin":"0.16","Total Current Assets":"154000","Total Assets":"331000","Total Current Liabilities":"38000","Total Liabilities":"46000","current_liabilities_to_current_assets":"0.25","liabilities_to_assets":"0.14","revenue_diff":"0.12","operating_margin_diff":"0.05","liabilities_to_assets_diff":"0.17"}},"NASDAQ:GOOG":{"name":"GOOG","market":"NASDAQ","2013-12-31":{"Total Revenue":"55519.0","Operating Income":"15403.0","Net Income":"12733.0","operating_margin":"0.28","net_margin":"0.23"},"2014-12-31":{"Total Revenue":"66001.0","Operating Income":"16496.0","Net Income":"14136.0","operating_margin":"0.25","net_margin":"0.21"},"2015-12-31":{"Total Revenue":"74989.0","Operating Income":"19360.0","Net Income":"16348.0","operating_margin":"0.26","net_margin":"0.22"},"2016-12-31":{"Total Revenue":"90272.0","Operating Income":"23716.0","Net Income":"19478.0","operating_margin":"0.26","net_margin":"0.22"},"":{"revenue_diff":"nan","operating_margin_diff":"nan","liabilities_to_assets_diff":"nan"}},"NASDAQ:GOOGL":{"name":"GOOGL","market":"NASDAQ","2013-12-31":{"Total Revenue":"55519.0","Operating Income":"15403.0","Net Income":"12733.0","operating_margin":"0.28","net_margin":"0.23"},"2014-12-31":{"Total Revenue":"66001.0","Operating Income":"16496.0","Net Income":"14136.0","operating_margin":"0.25","net_margin":"0.21","Total Current Assets":"78656000","Total Assets":"129187000","Total Current Liabilities":"16779000","Total Liabilities":"25327000","current_liabilities_to_current_assets":"0.21","liabilities_to_assets":"0.20"},"2015-12-31":{"Total Revenue":"74989.0","Operating Income":"19360.0","Net Income":"16348.0","operating_margin":"0.26","net_margin":"0.22","Total Current Assets":"90114000","Total Assets":"147461000","Total Current Liabilities":"19310000","Total Liabilities":"27130000","current_liabilities_to_current_assets":"0.21","liabilities_to_assets":"0.18"},"2016-12-31":{"Total Revenue":"90272.0","Operating Income":"23716.0","Net Income":"19478.0","operating_margin":"0.26","net_margin":"0.22","Total Current Assets":"105408000","Total Assets":"167497000","Total Current Liabilities":"16756000","Total Liabilities":"28461000","current_liabilities_to_current_assets":"0.16","liabilities_to_assets":"0.17","revenue_diff":"0.20","operating_margin_diff":"0.00","liabilities_to_assets_diff":"-0.06"}},"NASDAQ:MSFT":{"name":"MSFT","market":"NASDAQ","2014-06-30":{"Total Revenue":"86833.0","Operating Income":"27759.0","Net Income":"22074.0","operating_margin":"0.32","net_margin":"0.25"},"2015-06-30":{"Total Revenue":"93580.0","Operating Income":"18161.0","Net Income":"12193.0","operating_margin":"0.19","net_margin":"0.13","Total Current Assets":"122797000","Total Assets":"174472000","Total Current Liabilities":"49647000","Total Liabilities":"94389000","current_liabilities_to_current_assets":"0.40","liabilities_to_assets":"0.54"},"2016-06-30":{"Total Revenue":"85320.0","Operating Income":"20182.0","Net Income":"16798.0","operating_margin":"0.24","net_margin":"0.20","Total Current Assets":"139660000","Total Assets":"193468000","Total Current Liabilities":"59357000","Total Liabilities":"121471000","current_liabilities_to_current_assets":"0.43","liabilities_to_assets":"0.63"},"2017-06-30":{"Total Revenue":"89950.0","Operating Income":"22326.0","Net Income":"21204.0","operating_margin":"0.25","net_margin":"0.24","Total Current Assets":"159851000","Total Assets":"241086000","Total Current Liabilities":"64527000","Total Liabilities":"168692000","current_liabilities_to_current_assets":"0.40","liabilities_to_assets":"0.70","revenue_diff":"0.05","operating_margin_diff":"0.04","liabilities_to_assets_diff":"0.11"}},"NASDAQ:EBAY":{"name":"EBAY","market":"NASDAQ","2013-12-31":{"Total Revenue":"8257.0","Operating Income":"2454.0","Net Income":"2856.0","operating_margin":"0.30","net_margin":"0.35"},"2014-12-31":{"Total Revenue":"8790.0","Operating Income":"2476.0","Net Income":"46.0","operating_margin":"0.28","net_margin":"0.01","Total Current Assets":"26531000","Total Assets":"45132000","Total Current Liabilities":"17531000","Total Liabilities":"25226000","current_liabilities_to_current_assets":"0.66","liabilities_to_assets":"0.56"},"2015-12-31":{"Total Revenue":"8592.0","Operating Income":"2197.0","Net Income":"1725.0","operating_margin":"0.26","net_margin":"0.20","Total Current Assets":"7904000","Total Assets":"17755000","Total Current Liabilities":"2263000","Total Liabilities":"11179000","current_liabilities_to_current_assets":"0.29","liabilities_to_assets":"0.63"},"2016-12-31":{"Total Revenue":"8979.0","Operating Income":"2325.0","Net Income":"7266.0","operating_margin":"0.26","net_margin":"0.81","Total Current Assets":"8875000","Total Assets":"23847000","Total Current Liabilities":"3847000","Total Liabilities":"13308000","current_liabilities_to_current_assets":"0.43","liabilities_to_assets":"0.56","revenue_diff":"0.05","operating_margin_diff":"0.00","liabilities_to_assets_diff":"-0.11"}},"NASDAQ:AMZN":{"name":"AMZN","market":"NASDAQ","2013-12-31":{"Total Revenue":"74452.0","Operating Income":"745.0","Net Income":"274.0","operating_margin":"0.01","net_margin":"0.00"},"2014-12-31":{"Total Revenue":"88988.0","Operating Income":"178.0","Net Income":"-241.0","operating_margin":"0.00","net_margin":"-0.00","Total Current Assets":"31327000","Total Assets":"54505000","Total Current Liabilities":"28089000","Total Liabilities":"43764000","current_liabilities_to_current_assets":"0.90","liabilities_to_assets":"0.80"},"2015-12-31":{"Total Revenue":"107006.0","Operating Income":"2233.0","Net Income":"596.0","operating_margin":"0.02","net_margin":"0.01","Total Current Assets":"35705000","Total Assets":"64747000","Total Current Liabilities":"33887000","Total Liabilities":"51363000","current_liabilities_to_current_assets":"0.95","liabilities_to_assets":"0.79"},"2016-12-31":{"Total Revenue":"135987.0","Operating Income":"4186.0","Net Income":"2371.0","operating_margin":"0.03","net_margin":"0.02","Total Current Assets":"45781000","Total Assets":"83402000","Total Current Liabilities":"43816000","Total Liabilities":"64117000","current_liabilities_to_current_assets":"0.96","liabilities_to_assets":"0.77","revenue_diff":"0.27","operating_margin_diff":"0.50","liabilities_to_assets_diff":"-0.03"}},"NASDAQ:FB":{"name":"FB","market":"NASDAQ","2013-12-31":{"Total Revenue":"7872.0","Operating Income":"2804.0","Net Income":"1500.0","operating_margin":"0.36","net_margin":"0.19"},"2014-12-31":{"Total Revenue":"12466.0","Operating Income":"4994.0","Net Income":"2940.0","operating_margin":"0.40","net_margin":"0.24","Total Current Assets":"13390000","Total Assets":"39966000","Total Current Liabilities":"1424000","Total Liabilities":"3870000","current_liabilities_to_current_assets":"0.11","liabilities_to_assets":"0.10"},"2015-12-31":{"Total Revenue":"17928.0","Operating Income":"6225.0","Net Income":"3688.0","operating_margin":"0.35","net_margin":"0.21","Total Current Assets":"21652000","Total Assets":"49407000","Total Current Liabilities":"1925000","Total Liabilities":"5189000","current_liabilities_to_current_assets":"0.09","liabilities_to_assets":"0.11"},"2016-12-31":{"Total Revenue":"27638.0","Operating Income":"12427.0","Net Income":"10217.0","operating_margin":"0.45","net_margin":"0.37","Total Current Assets":"34401000","Total Assets":"64961000","Total Current Liabilities":"2875000","Total Liabilities":"5767000","current_liabilities_to_current_assets":"0.08","liabilities_to_assets":"0.09","revenue_diff":"0.54","operating_margin_diff":"0.29","liabilities_to_assets_diff":"-0.18"}},"NYSE:TWTR":{"name":"TWTR","market":"NYSE","2016-12-31":{"Total Current Assets":"4652196","Total Assets":"6870365","Total Current Liabilities":"584021","Total Liabilities":"2265430","current_liabilities_to_current_assets":"0.13","liabilities_to_assets":"0.33","revenue_diff":"0.14","operating_margin_diff":"-0.25","liabilities_to_assets_diff":"0.03","Total Revenue":"2529.6","Operating Income":"-367.2","Net Income":"-456.9","operating_margin":"-0.15","net_margin":"-0.18"},"2015-12-31":{"Total Current Assets":"4381792","Total Assets":"6442439","Total Current Liabilities":"506039","Total Liabilities":"2074392","current_liabilities_to_current_assets":"0.12","liabilities_to_assets":"0.32","Total Revenue":"2218.0","Operating Income":"-450.0","Net Income":"-521.0","operating_margin":"-0.20","net_margin":"-0.23"},"2014-12-31":{"Total Current Assets":"4255853","Total Assets":"5583082","Total Current Liabilities":"393794","Total Liabilities":"1956679","current_liabilities_to_current_assets":"0.09","liabilities_to_assets":"0.35","Total Revenue":"1403.0","Operating Income":"-538.9","Net Income":"-577.8","operating_margin":"-0.38","net_margin":"-0.41"},"2013-12-31":{"Total Revenue":"664.9","Operating Income":"-635.8","Net Income":"-645.3","operating_margin":"-0.96","net_margin":"-0.97"}},"NYSE:SNAP":{"name":"SNAP","market":"NYSE","2015-12-31":{"Total Revenue":"58.7","Operating Income":"-381.7","Net Income":"-372.9","operating_margin":"-6.50","net_margin":"-6.35"},"2016-12-31":{"Total Revenue":"404.5","Operating Income":"-520.4","Net Income":"-514.6","operating_margin":"-1.29","net_margin":"-1.27"},"":{"revenue_diff":"nan","operating_margin_diff":"nan","liabilities_to_assets_diff":"nan"}},"NYSE:YRD":{"name":"YRD","market":"NYSE","2013-12-31":{"Total Revenue":"2.9","Operating Income":"-7.6","Net Income":"-7.6","operating_margin":"-2.62","net_margin":"-2.62","Total Current Assets":"5000","Total Assets":"5000","Total Current Liabilities":"1000","Total Liabilities":"2000","current_liabilities_to_current_assets":"0.20","liabilities_to_assets":"0.40"},"2014-12-31":{"Total Revenue":"29.6","Operating Income":"-4.2","Net Income":"-4.2","operating_margin":"-0.14","net_margin":"-0.14","Total Current Assets":"399000","Total Assets":"402000","Total Current Liabilities":"14000","Total Liabilities":"179000","current_liabilities_to_current_assets":"0.04","liabilities_to_assets":"0.45"},"2015-12-31":{"Total Revenue":"198.9","Operating Income":"62.6","Net Income":"41.5","operating_margin":"0.31","net_margin":"0.21","Total Current Assets":"1968000","Total Assets":"2190000","Total Current Liabilities":"296000","Total Liabilities":"1213000","current_liabilities_to_current_assets":"0.15","liabilities_to_assets":"0.55"},"2016-12-31":{"Total Revenue":"493.9","Operating Income":"169.2","Net Income":"168.4","operating_margin":"0.34","net_margin":"0.34","Total Current Assets":"3055000","Total Assets":"4783000","Total Current Liabilities":"589000","Total Liabilities":"2643000","current_liabilities_to_current_assets":"0.19","liabilities_to_assets":"0.55","revenue_diff":"1.48","operating_margin_diff":"0.10","liabilities_to_assets_diff":"0.00"}},"NYSE:FIT":{"name":"FIT","market":"NYSE","2016-12-31":{"Total Current Assets":"1480571","Total Assets":"1820226","Total Current Liabilities":"761932","Total Liabilities":"821694","current_liabilities_to_current_assets":"0.51","liabilities_to_assets":"0.45","revenue_diff":"0.17","operating_margin_diff":"-1.26","liabilities_to_assets_diff":"0.29","Total Revenue":"2169.5","Operating Income":"-112.5","Net Income":"-102.8","operating_margin":"-0.05","net_margin":"-0.05"},"2015-12-31":{"Total Current Assets":"1355414","Total Assets":"1519066","Total Current Liabilities":"508257","Total Liabilities":"537615","current_liabilities_to_current_assets":"0.37","liabilities_to_assets":"0.35","Total Revenue":"1858.0","Operating Income":"348.2","Net Income":"175.7","operating_margin":"0.19","net_margin":"0.09"},"2014-12-31":{"Total Current Assets":"563171","Total Assets":"633051","Total Current Liabilities":"461311","Total Liabilities":"489975","current_liabilities_to_current_assets":"0.82","liabilities_to_assets":"0.77","Total Revenue":"745.4","Operating Income":"157.9","Net Income":"131.8","operating_margin":"0.21","net_margin":"0.18"},"2013-12-31":{"Total Revenue":"271.1","Operating Income":"-9.0","Net Income":"-51.6","operating_margin":"-0.03","net_margin":"-0.19"}},"NYSE:BABA":{"name":"BABA","market":"NYSE","2014-03-31":{"Total Revenue":"7918.9","Operating Income":"3758.6","Net Income":"3516.5","operating_margin":"0.47","net_margin":"0.44","Total Current Assets":"67833000","Total Assets":"111549000","Total Current Liabilities":"37384000","Total Liabilities":"70848000","current_liabilities_to_current_assets":"0.55","liabilities_to_assets":"0.64"},"2015-03-31":{"Total Revenue":"11493.5","Operating Income":"3489.3","Net Income":"3659.2","operating_margin":"0.30","net_margin":"0.32","Total Current Assets":"142109000","Total Assets":"255434000","Total Current Liabilities":"39672000","Total Liabilities":"98021000","current_liabilities_to_current_assets":"0.28","liabilities_to_assets":"0.38"},"2016-03-31":{"Total Revenue":"15254.9","Operating Income":"4389.3","Net Income":"10778.0","operating_margin":"0.29","net_margin":"0.71","Total Current Assets":"134035000","Total Assets":"364245000","Total Current Liabilities":"52039000","Total Liabilities":"114706000","current_liabilities_to_current_assets":"0.39","liabilities_to_assets":"0.31"},"2017-03-31":{"Total Revenue":"23871.5","Operating Income":"7247.9","Net Income":"6587.3","operating_margin":"0.30","net_margin":"0.28","Total Current Assets":"182516000","Total Assets":"506812000","Total Current Liabilities":"93771000","Total Liabilities":"185683000","current_liabilities_to_current_assets":"0.51","liabilities_to_assets":"0.37","revenue_diff":"inf","operating_margin_diff":"inf","liabilities_to_assets_diff":"inf"}},"NYSE:BLK":{"name":"BLK","market":"NYSE","2013-12-31":{"Total Revenue":"10180.0","Operating Income":"3857.0","Net Income":"2932.0","operating_margin":"0.38","net_margin":"0.29"},"2014-12-31":{"Total Revenue":"11081.0","Operating Income":"4474.0","Net Income":"3294.0","operating_margin":"0.40","net_margin":"0.30","Total Current Assets":0,"Total Assets":"239792000","Total Current Liabilities":0,"Total Liabilities":"212391000","current_liabilities_to_current_assets":0,"liabilities_to_assets":"0.89"},"2015-12-31":{"Total Revenue":"11401.0","Operating Income":"4664.0","Net Income":"3345.0","operating_margin":"0.41","net_margin":"0.29","Total Current Assets":0,"Total Assets":"225261000","Total Current Liabilities":0,"Total Liabilities":"196294000","current_liabilities_to_current_assets":0,"liabilities_to_assets":"0.87"},"2016-12-31":{"Total Revenue":"11155.0","Operating Income":"4570.0","Net Income":"3172.0","operating_margin":"0.41","net_margin":"0.28","Total Current Assets":0,"Total Assets":"220177000","Total Current Liabilities":0,"Total Liabilities":"190885000","current_liabilities_to_current_assets":0,"liabilities_to_assets":"0.87","revenue_diff":"-0.02","operating_margin_diff":"0.00","liabilities_to_assets_diff":"0.00"}},"NASDAQ:NUAN":{"name":"NUAN","market":"NASDAQ","2013-09-30":{"Total Revenue":"1855.3","Operating Income":"48.5","Net Income":"-115.2","operating_margin":"0.03","net_margin":"-0.06"},"2014-09-30":{"Total Revenue":"1923.5","Operating Income":"-21.4","Net Income":"-150.3","operating_margin":"-0.01","net_margin":"-0.08","Total Current Assets":"1164500","Total Assets":"5820284","Total Current Liabilities":"642009","Total Liabilities":"3238292","current_liabilities_to_current_assets":"0.55","liabilities_to_assets":"0.56"},"2015-09-30":{"Total Revenue":"1931.1","Operating Income":"54.9","Net Income":"-115.0","operating_margin":"0.03","net_margin":"-0.06","Total Current Assets":"986625","Total Assets":"5511909","Total Current Liabilities":"626384","Total Liabilities":"3246657","current_liabilities_to_current_assets":"0.63","liabilities_to_assets":"0.59"},"2016-09-30":{"Total Revenue":"1948.9","Operating Income":"138.5","Net Income":"-12.5","operating_margin":"0.07","net_margin":"-0.01","Total Current Assets":"1038590","Total Assets":"5661470","Total Current Liabilities":"690899","Total Liabilities":"3730140","current_liabilities_to_current_assets":"0.67","liabilities_to_assets":"0.66","revenue_diff":"0.01","operating_margin_diff":"1.33","liabilities_to_assets_diff":"0.12"},"2017-09-30":{"Total Revenue":"1939.4","Operating Income":"52.0","Net Income":"-151.0","operating_margin":"0.03","net_margin":"-0.08","Total Current Assets":"1327941","Total Assets":"5931923","Total Current Liabilities":"1111528","Total Liabilities":"4000541","current_liabilities_to_current_assets":"0.84","liabilities_to_assets":"0.67","revenue_diff":"-0.00","operating_margin_diff":"-0.57","liabilities_to_assets_diff":"0.02"}},"NASDAQ:CMPR":{"name":"CMPR","market":"NASDAQ","2014-06-30":{"Total Revenue":"1270.2","Operating Income":"85.9","Net Income":"43.7","operating_margin":"0.07","net_margin":"0.03","Total Current Assets":"158000","Total Assets":"989000","Total Current Liabilities":"242000","Total Liabilities":"745000","current_liabilities_to_current_assets":"1.53","liabilities_to_assets":"0.75"},"2015-06-30":{"Total Revenue":"1494.2","Operating Income":"96.3","Net Income":"92.2","operating_margin":"0.06","net_margin":"0.06","Total Current Assets":"216000","Total Assets":"1300000","Total Current Liabilities":"306000","Total Liabilities":"993000","current_liabilities_to_current_assets":"1.42","liabilities_to_assets":"0.76"},"2016-06-30":{"Total Revenue":"1788.0","Operating Income":"78.2","Net Income":"54.3","operating_margin":"0.04","net_margin":"0.03","Total Current Assets":"201000","Total Assets":"1464000","Total Current Liabilities":"336000","Total Liabilities":"1232000","current_liabilities_to_current_assets":"1.67","liabilities_to_assets":"0.84"},"2017-06-30":{"Total Revenue":"2135.4","Operating Income":"-45.7","Net Income":"-71.7","operating_margin":"-0.02","net_margin":"-0.03","Total Current Assets":"246000","Total Assets":"1680000","Total Current Liabilities":"449000","Total Liabilities":"1557000","current_liabilities_to_current_assets":"1.83","liabilities_to_assets":"0.93","revenue_diff":"0.19","operating_margin_diff":"-1.50","liabilities_to_assets_diff":"0.11"}},"NYSE:PSX":{"name":"PSX","market":"NYSE","2013-12-31":{"Total Revenue":"174809.0","Operating Income":"5790.0","Net Income":"3726.0","operating_margin":"0.03","net_margin":"0.02"},"2014-12-31":{"Total Revenue":"164093.0","Operating Income":"6188.0","Net Income":"4762.0","operating_margin":"0.04","net_margin":"0.03","Total Current Assets":"16692000","Total Assets":"48692000","Total Current Liabilities":"11094000","Total Liabilities":"27102000","current_liabilities_to_current_assets":"0.66","liabilities_to_assets":"0.56"},"2015-12-31":{"Total Revenue":"100949.0","Operating Income":"6410.0","Net Income":"4227.0","operating_margin":"0.06","net_margin":"0.04","Total Current Assets":"12256000","Total Assets":"48580000","Total Current Liabilities":"7531000","Total Liabilities":"25480000","current_liabilities_to_current_assets":"0.61","liabilities_to_assets":"0.52"},"2016-12-31":{"Total Revenue":"85777.0","Operating Income":"2519.0","Net Income":"1555.0","operating_margin":"0.03","net_margin":"0.02","Total Current Assets":"12680000","Total Assets":"51653000","Total Current Liabilities":"9463000","Total Liabilities":"29263000","current_liabilities_to_current_assets":"0.75","liabilities_to_assets":"0.57","revenue_diff":"-0.15","operating_margin_diff":"-0.50","liabilities_to_assets_diff":"0.10"}},"NASDAQ:AAPL":{"name":"AAPL","market":"NASDAQ","2014-09-27":{"Total Revenue":"182795.0","Operating Income":"52503.0","Net Income":"39510.0","operating_margin":"0.29","net_margin":"0.22","Total Current Assets":"68531000","Total Assets":"231839000","Total Current Liabilities":"63448000","Total Liabilities":"120292000","current_liabilities_to_current_assets":"0.93","liabilities_to_assets":"0.52"},"2015-09-26":{"Total Revenue":"233715.0","Operating Income":"71230.0","Net Income":"53394.0","operating_margin":"0.30","net_margin":"0.23","Total Current Assets":"89378000","Total Assets":"290345000","Total Current Liabilities":"80610000","Total Liabilities":"170990000","current_liabilities_to_current_assets":"0.90","liabilities_to_assets":"0.59"},"2016-09-24":{"Total Revenue":"215639.0","Operating Income":"60024.0","Net Income":"45687.0","operating_margin":"0.28","net_margin":"0.21","Total Current Assets":"106869000","Total Assets":"321686000","Total Current Liabilities":"79006000","Total Liabilities":"193437000","current_liabilities_to_current_assets":"0.74","liabilities_to_assets":"0.60","revenue_diff":"-0.08","operating_margin_diff":"-0.07","liabilities_to_assets_diff":"0.02"},"2017-09-30":{"Total Revenue":"229234.0","Operating Income":"61344.0","Net Income":"48351.0","operating_margin":"0.27","net_margin":"0.21","Total Current Assets":"128645000","Total Assets":"375319000","Total Current Liabilities":"100814000","Total Liabilities":"241272000","current_liabilities_to_current_assets":"0.78","liabilities_to_assets":"0.64","revenue_diff":"0.06","operating_margin_diff":"-0.04","liabilities_to_assets_diff":"0.07"}},"NASDAQ:INTC":{"name":"INTC","market":"NASDAQ","2013-12-28":{"Total Revenue":"52708.0","Operating Income":"12291.0","Net Income":"9620.0","operating_margin":"0.23","net_margin":"0.18"},"2014-12-27":{"Total Revenue":"55870.0","Operating Income":"15347.0","Net Income":"11704.0","operating_margin":"0.27","net_margin":"0.21","Total Current Assets":"27730000","Total Assets":"91900000","Total Current Liabilities":"16011000","Total Liabilities":"35123000","current_liabilities_to_current_assets":"0.58","liabilities_to_assets":"0.38"},"2015-12-26":{"Total Revenue":"55355.0","Operating Income":"14002.0","Net Income":"11420.0","operating_margin":"0.25","net_margin":"0.21","Total Current Assets":"38320000","Total Assets":"101459000","Total Current Liabilities":"15646000","Total Liabilities":"39477000","current_liabilities_to_current_assets":"0.41","liabilities_to_assets":"0.39"},"2016-12-31":{"Total Revenue":"59387.0","Operating Income":"12874.0","Net Income":"10316.0","operating_margin":"0.22","net_margin":"0.17","Total Current Assets":"35508000","Total Assets":"113327000","Total Current Liabilities":"20302000","Total Liabilities":"46219000","current_liabilities_to_current_assets":"0.57","liabilities_to_assets":"0.41","revenue_diff":"0.07","operating_margin_diff":"-0.12","liabilities_to_assets_diff":"0.05"}},"NASDAQ:BKCC":{"name":"BKCC","market":"NASDAQ","2013-12-31":{"Total Revenue":"110.7","Operating Income":"47.6","Net Income":"93.0","operating_margin":"0.43","net_margin":"0.84"},"2014-12-31":{"Total Revenue":"109.8","Operating Income":"50.4","Net Income":"137.2","operating_margin":"0.46","net_margin":"1.25","Total Current Assets":0,"Total Assets":"1302055.823","Total Current Liabilities":0,"Total Liabilities":"520096.655","current_liabilities_to_current_assets":0,"liabilities_to_assets":"0.40"},"2015-12-31":{"Total Revenue":"105.1","Operating Income":"75.2","Net Income":"38.6","operating_margin":"0.72","net_margin":"0.37","Total Current Assets":0,"Total Assets":"1148391.501","Total Current Liabilities":0,"Total Liabilities":"394638.886","current_liabilities_to_current_assets":0,"liabilities_to_assets":"0.34"},"2016-12-31":{"Total Revenue":"100.8","Operating Income":"54.0","Net Income":"-84.3","operating_margin":"0.54","net_margin":"-0.84","Total Current Assets":0,"Total Assets":"957067.491","Total Current Liabilities":0,"Total Liabilities":"360747.122","current_liabilities_to_current_assets":0,"liabilities_to_assets":"0.38","revenue_diff":"-0.04","operating_margin_diff":"-0.25","liabilities_to_assets_diff":"0.12"}},"NASDAQ:PCLN":{"name":"PCLN","market":"NASDAQ","2013-12-31":{"Total Revenue":"6793.3","Operating Income":"2412.4","Net Income":"1892.7","operating_margin":"0.36","net_margin":"0.28"},"2014-12-31":{"Total Revenue":"8442.0","Operating Income":"3073.3","Net Income":"2421.8","operating_margin":"0.36","net_margin":"0.29","Total Current Assets":"5113620","Total Assets":"14770977","Total Current Liabilities":"1378703","Total Liabilities":"6204283","current_liabilities_to_current_assets":"0.27","liabilities_to_assets":"0.42"},"2015-12-31":{"Total Revenue":"9224.0","Operating Income":"3258.9","Net Income":"2551.4","operating_margin":"0.35","net_margin":"0.28","Total Current Assets":"3553237","Total Assets":"17420575","Total Current Liabilities":"1439310","Total Liabilities":"8625106","current_liabilities_to_current_assets":"0.41","liabilities_to_assets":"0.50"},"2016-12-31":{"Total Revenue":"10743.0","Operating Income":"2906.3","Net Income":"2135.0","operating_margin":"0.27","net_margin":"0.20","Total Current Assets":"5401519","Total Assets":"19838973","Total Current Liabilities":"2858670","Total Liabilities":"9990293","current_liabilities_to_current_assets":"0.53","liabilities_to_assets":"0.50","revenue_diff":"0.16","operating_margin_diff":"-0.23","liabilities_to_assets_diff":"0.00"}},"NASDAQ:TRIP":{"name":"TRIP","market":"NASDAQ","2013-12-31":{"Total Revenue":"945.0","Operating Income":"294.0","Net Income":"205.0","operating_margin":"0.31","net_margin":"0.22"},"2014-12-31":{"Total Revenue":"1246.0","Operating Income":"340.0","Net Income":"226.0","operating_margin":"0.27","net_margin":"0.18","Total Current Assets":"737000","Total Assets":"1948000","Total Current Liabilities":"381000","Total Liabilities":"823000","current_liabilities_to_current_assets":"0.52","liabilities_to_assets":"0.42"},"2015-12-31":{"Total Revenue":"1492.0","Operating Income":"232.0","Net Income":"198.0","operating_margin":"0.16","net_margin":"0.13","Total Current Assets":"865000","Total Assets":"2128000","Total Current Liabilities":"312000","Total Liabilities":"716000","current_liabilities_to_current_assets":"0.36","liabilities_to_assets":"0.34"},"2016-12-31":{"Total Revenue":"1480.0","Operating Income":"166.0","Net Income":"120.0","operating_margin":"0.11","net_margin":"0.08","Total Current Assets":"950000","Total Assets":"2238000","Total Current Liabilities":"423000","Total Liabilities":"736000","current_liabilities_to_current_assets":"0.45","liabilities_to_assets":"0.33","revenue_diff":"-0.01","operating_margin_diff":"-0.31","liabilities_to_assets_diff":"-0.03"}},"NASDAQ:EXPE":{"name":"EXPE","market":"NASDAQ","2013-12-31":{"Total Revenue":"4771.3","Operating Income":"366.1","Net Income":"232.9","operating_margin":"0.08","net_margin":"0.05"},"2014-12-31":{"Total Revenue":"5763.5","Operating Income":"517.8","Net Income":"398.1","operating_margin":"0.09","net_margin":"0.07","Total Current Assets":"2924489","Total Assets":"9020538","Total Current Liabilities":"4186615","Total Liabilities":"6676198","current_liabilities_to_current_assets":"1.43","liabilities_to_assets":"0.74"},"2015-12-31":{"Total Revenue":"6672.3","Operating Income":"413.6","Net Income":"764.5","operating_margin":"0.06","net_margin":"0.11","Total Current Assets":"2976261","Total Assets":"15485675","Total Current Liabilities":"5926017","Total Liabilities":"9962803","current_liabilities_to_current_assets":"1.99","liabilities_to_assets":"0.64"},"2016-12-31":{"Total Revenue":"8773.6","Operating Income":"461.7","Net Income":"281.8","operating_margin":"0.05","net_margin":"0.03","Total Current Assets":"3450251","Total Assets":"15777546","Total Current Liabilities":"6127198","Total Liabilities":"11645245","current_liabilities_to_current_assets":"1.78","liabilities_to_assets":"0.74","revenue_diff":"0.31","operating_margin_diff":"-0.17","liabilities_to_assets_diff":"0.16"}},"NYSE:ING":{"name":"ING","market":"NYSE","2013-12-31":{"Total Revenue":"19864.7","Operating Income":"6940.3","Net Income":"5681.9","operating_margin":"0.35","net_margin":"0.29","Total Current Assets":"335989000","Total Assets":"1081317000","Total Current Liabilities":"705359000","Total Liabilities":"1028128000","current_liabilities_to_current_assets":"2.10","liabilities_to_assets":"0.95"},"2014-12-31":{"Total Revenue":"17677.9","Operating Income":"3905.3","Net Income":"1119.0","operating_margin":"0.22","net_margin":"0.06","Total Current Assets":"329081000","Total Assets":"1174751000","Total Current Liabilities":"945358000","Total Liabilities":"1119150000","current_liabilities_to_current_assets":"2.87","liabilities_to_assets":"0.95"},"2015-12-31":{"Total Revenue":"20923.2","Operating Income":"8521.7","Net Income":"5723.8","operating_margin":"0.41","net_margin":"0.27","Total Current Assets":"179426000","Total Assets":"1002288000","Total Current Liabilities":"849296000","Total Liabilities":"956678000","current_liabilities_to_current_assets":"4.73","liabilities_to_assets":"0.95"},"2016-12-31":{"Total Revenue":"20801.2","Operating Income":"7336.6","Net Income":"5780.7","operating_margin":"0.35","net_margin":"0.28","Total Current Assets":"157714000","Total Assets":"842216000","Total Current Liabilities":"690113000","Total Liabilities":"794353000","current_liabilities_to_current_assets":"4.38","liabilities_to_assets":"0.94","revenue_diff":"-0.01","operating_margin_diff":"-0.15","liabilities_to_assets_diff":"-0.01"}},"NYSE:MMM":{"name":"MMM","market":"NYSE","2013-12-31":{"Total Revenue":"30871.0","Operating Income":"6666.0","Net Income":"4659.0","operating_margin":"0.22","net_margin":"0.15"},"2014-12-31":{"Total Revenue":"31821.0","Operating Income":"7135.0","Net Income":"4956.0","operating_margin":"0.22","net_margin":"0.16","Total Current Assets":"12303000","Total Assets":"31209000","Total Current Liabilities":"5964000","Total Liabilities":"18100000","current_liabilities_to_current_assets":"0.48","liabilities_to_assets":"0.58"},"2015-12-31":{"Total Revenue":"30274.0","Operating Income":"6946.0","Net Income":"4833.0","operating_margin":"0.23","net_margin":"0.16","Total Current Assets":"10986000","Total Assets":"32883000","Total Current Liabilities":"7118000","Total Liabilities":"21454000","current_liabilities_to_current_assets":"0.65","liabilities_to_assets":"0.65"},"2016-12-31":{"Total Revenue":"30109.0","Operating Income":"7223.0","Net Income":"5050.0","operating_margin":"0.24","net_margin":"0.17","Total Current Assets":"11726000","Total Assets":"32906000","Total Current Liabilities":"6219000","Total Liabilities":"22608000","current_liabilities_to_current_assets":"0.53","liabilities_to_assets":"0.69","revenue_diff":"-0.01","operating_margin_diff":"0.04","liabilities_to_assets_diff":"0.06"}},"NYSE:JNJ":{"name":"JNJ","market":"NYSE","2013-12-31":{"Total Revenue":"71312.0","Operating Income":"18377.0","Net Income":"13831.0","operating_margin":"0.26","net_margin":"0.19"},"2014-12-31":{"Total Revenue":"74331.0","Operating Income":"21137.0","Net Income":"16323.0","operating_margin":"0.28","net_margin":"0.22"},"2016-01-03":{"Total Revenue":"70074.0","Operating Income":"18289.0","Net Income":"15409.0","operating_margin":"0.26","net_margin":"0.22","Total Current Assets":"60210000","Total Assets":"133411000","Total Current Liabilities":"27747000","Total Liabilities":"62261000","current_liabilities_to_current_assets":"0.46","liabilities_to_assets":"0.47"},"2017-01-01":{"Total Revenue":"71890.0","Operating Income":"21165.0","Net Income":"16540.0","operating_margin":"0.29","net_margin":"0.23","Total Current Assets":"65032000","Total Assets":"141208000","Total Current Liabilities":"26287000","Total Liabilities":"70790000","current_liabilities_to_current_assets":"0.40","liabilities_to_assets":"0.50","revenue_diff":"0.03","operating_margin_diff":"0.12","liabilities_to_assets_diff":"0.06"},"2014-12-28":{"Total Current Assets":"55744000","Total Assets":"130358000","Total Current Liabilities":"25031000","Total Liabilities":"60606000","current_liabilities_to_current_assets":"0.45","liabilities_to_assets":"0.46"}},"NYSE:GE":{"name":"GE","market":"NYSE","2013-12-31":{"Total Revenue":"113245.0","Operating Income":"15459.0","Net Income":"13057.0","operating_margin":"0.14","net_margin":"0.12"},"2014-12-31":{"Total Revenue":"117184.0","Operating Income":"16632.0","Net Income":"15233.0","operating_margin":"0.14","net_margin":"0.13","Total Current Assets":"166162000","Total Assets":"654954000","Total Current Liabilities":"158310000","Total Liabilities":"526697000","current_liabilities_to_current_assets":"0.95","liabilities_to_assets":"0.80"},"2015-12-31":{"Total Revenue":"117386.0","Operating Income":"16862.0","Net Income":"-6126.0","operating_margin":"0.14","net_margin":"-0.05","Total Current Assets":"170827000","Total Assets":"493071000","Total Current Liabilities":"148650000","Total Liabilities":"391825000","current_liabilities_to_current_assets":"0.87","liabilities_to_assets":"0.79"},"2016-12-31":{"Total Revenue":"123693.0","Operating Income":"17833.0","Net Income":"8831.0","operating_margin":"0.14","net_margin":"0.07","Total Current Assets":"157059000","Total Assets":"365183000","Total Current Liabilities":"125777000","Total Liabilities":"286331000","current_liabilities_to_current_assets":"0.80","liabilities_to_assets":"0.78","revenue_diff":"0.05","operating_margin_diff":"0.00","liabilities_to_assets_diff":"-0.01"}},"NYSE:WMT":{"name":"WMT","market":"NYSE","2014-01-31":{"Total Revenue":"476294.0","Operating Income":"26872.0","Net Income":"16022.0","operating_margin":"0.06","net_margin":"0.03"},"2015-01-31":{"Total Revenue":"485651.0","Operating Income":"27147.0","Net Income":"16363.0","operating_margin":"0.06","net_margin":"0.03","Total Current Assets":"63278000","Total Assets":"203490000","Total Current Liabilities":"65253000","Total Liabilities":"122096000","current_liabilities_to_current_assets":"1.03","liabilities_to_assets":"0.60"},"2016-01-31":{"Total Revenue":"482130.0","Operating Income":"24105.0","Net Income":"14694.0","operating_margin":"0.05","net_margin":"0.03","Total Current Assets":"60239000","Total Assets":"199581000","Total Current Liabilities":"64619000","Total Liabilities":"119035000","current_liabilities_to_current_assets":"1.07","liabilities_to_assets":"0.60"},"2017-01-31":{"Total Revenue":"485873.0","Operating Income":"22764.0","Net Income":"13643.0","operating_margin":"0.05","net_margin":"0.03","Total Current Assets":"57689000","Total Assets":"198825000","Total Current Liabilities":"66928000","Total Liabilities":"121027000","current_liabilities_to_current_assets":"1.16","liabilities_to_assets":"0.61","revenue_diff":"0.01","operating_margin_diff":"0.00","liabilities_to_assets_diff":"0.02"}},"NYSE:IBM":{"name":"IBM","market":"NYSE","2013-12-31":{"Total Revenue":"98367.0","Operating Income":"20312.0","Net Income":"16483.0","operating_margin":"0.21","net_margin":"0.17"},"2014-12-31":{"Total Revenue":"92793.0","Operating Income":"18532.0","Net Income":"12022.0","operating_margin":"0.20","net_margin":"0.13","Total Current Assets":"47377000","Total Assets":"117271000","Total Current Liabilities":"39581000","Total Liabilities":"105403000","current_liabilities_to_current_assets":"0.84","liabilities_to_assets":"0.90"},"2015-12-31":{"Total Revenue":"81741.0","Operating Income":"15690.0","Net Income":"13190.0","operating_margin":"0.19","net_margin":"0.16","Total Current Assets":"42504000","Total Assets":"110495000","Total Current Liabilities":"34269000","Total Liabilities":"96233000","current_liabilities_to_current_assets":"0.81","liabilities_to_assets":"0.87"},"2016-12-31":{"Total Revenue":"79919.0","Operating Income":"13105.0","Net Income":"11872.0","operating_margin":"0.16","net_margin":"0.15","Total Current Assets":"43888000","Total Assets":"117470000","Total Current Liabilities":"36275000","Total Liabilities":"99224000","current_liabilities_to_current_assets":"0.83","liabilities_to_assets":"0.84","revenue_diff":"-0.02","operating_margin_diff":"-0.16","liabilities_to_assets_diff":"-0.03"}},"NYSE:SSI":{"name":"SSI","market":"NYSE","2014-01-31":{"Total Revenue":"1609.5","Operating Income":"43.4","Net Income":"16.6","operating_margin":"0.03","net_margin":"0.01"},"2015-01-31":{"Total Revenue":"1638.6","Operating Income":"63.7","Net Income":"30.9","operating_margin":"0.04","net_margin":"0.02","Total Current Assets":"504061","Total Assets":"824677","Total Current Liabilities":"204782","Total Liabilities":"348747","current_liabilities_to_current_assets":"0.41","liabilities_to_assets":"0.42"},"2016-01-30":{"Total Revenue":"1604.4","Operating Income":"8.6","Net Income":"3.8","operating_margin":"0.01","net_margin":"0.00","Total Current Assets":"500762","Total Assets":"848099","Total Current Liabilities":"155882","Total Liabilities":"418346","current_liabilities_to_current_assets":"0.31","liabilities_to_assets":"0.49"},"2017-01-28":{"Total Revenue":"1442.7","Operating Income":"-58.0","Net Income":"-37.9","operating_margin":"-0.04","net_margin":"-0.03","Total Current Assets":"464761","Total Assets":"786989","Total Current Liabilities":"168670","Total Liabilities":"406829","current_liabilities_to_current_assets":"0.36","liabilities_to_assets":"0.52","revenue_diff":"-0.10","operating_margin_diff":"-5.00","liabilities_to_assets_diff":"0.06"}},"NYSE:KO":{"name":"KO","market":"NYSE","2013-12-31":{"Total Revenue":"46854.0","Operating Income":"10228.0","Net Income":"8584.0","operating_margin":"0.22","net_margin":"0.18"},"2014-12-31":{"Total Revenue":"45998.0","Operating Income":"9708.0","Net Income":"7098.0","operating_margin":"0.21","net_margin":"0.15","Total Current Assets":"32986000","Total Assets":"92023000","Total Current Liabilities":"32374000","Total Liabilities":"61703000","current_liabilities_to_current_assets":"0.98","liabilities_to_assets":"0.67"},"2015-12-31":{"Total Revenue":"44294.0","Operating Income":"8728.0","Net Income":"7351.0","operating_margin":"0.20","net_margin":"0.17","Total Current Assets":"33395000","Total Assets":"89996000","Total Current Liabilities":"26929000","Total Liabilities":"64442000","current_liabilities_to_current_assets":"0.81","liabilities_to_assets":"0.72"},"2016-12-31":{"Total Revenue":"41863.0","Operating Income":"8626.0","Net Income":"6527.0","operating_margin":"0.21","net_margin":"0.16","Total Current Assets":"34010000","Total Assets":"87270000","Total Current Liabilities":"26532000","Total Liabilities":"64208000","current_liabilities_to_current_assets":"0.78","liabilities_to_assets":"0.74","revenue_diff":"-0.05","operating_margin_diff":"0.05","liabilities_to_assets_diff":"0.03"}},"NYSE:BP":{"name":"BP","market":"NYSE","2013-12-31":{"Total Revenue":"396217.0","Operating Income":"31769.0","Net Income":"23451.0","operating_margin":"0.08","net_margin":"0.06","Total Current Assets":"96840000","Total Assets":"305690000","Total Current Liabilities":"72812000","Total Liabilities":"175283000","current_liabilities_to_current_assets":"0.75","liabilities_to_assets":"0.57"},"2014-12-31":{"Total Revenue":"358678.0","Operating Income":"15377.0","Net Income":"3780.0","operating_margin":"0.04","net_margin":"0.01","Total Current Assets":"87262000","Total Assets":"284305000","Total Current Liabilities":"63615000","Total Liabilities":"171663000","current_liabilities_to_current_assets":"0.73","liabilities_to_assets":"0.60"},"2015-12-31":{"Total Revenue":"225982.0","Operating Income":"-6009.0","Net Income":"-6482.0","operating_margin":"-0.03","net_margin":"-0.03","Total Current Assets":"70602000","Total Assets":"261832000","Total Current Liabilities":"54724000","Total Liabilities":"163445000","current_liabilities_to_current_assets":"0.78","liabilities_to_assets":"0.62"},"2016-12-31":{"Total Revenue":"186606.0","Operating Income":"-2094.0","Net Income":"115.0","operating_margin":"-0.01","net_margin":"0.00","Total Current Assets":"67813000","Total Assets":"263316000","Total Current Liabilities":"58354000","Total Liabilities":"166473000","current_liabilities_to_current_assets":"0.86","liabilities_to_assets":"0.63","revenue_diff":"-0.17","operating_margin_diff":"-0.67","liabilities_to_assets_diff":"0.02"}},"NYSE:HSBC":{"name":"HSBC","market":"NYSE","2013-12-31":{"Total Revenue":"78337.0","Operating Income":"20240.0","Net Income":"16204.0","operating_margin":"0.26","net_margin":"0.21","Total Current Assets":"1084945000","Total Assets":"2671318000","Total Current Liabilities":"2206666000","Total Liabilities":"2480859000","current_liabilities_to_current_assets":"2.03","liabilities_to_assets":"0.93"},"2014-12-31":{"Total Revenue":"74593.0","Operating Income":"16148.0","Net Income":"13688.0","operating_margin":"0.22","net_margin":"0.18","Total Current Assets":"1081094000","Total Assets":"2634139000","Total Current Liabilities":"2188665000","Total Liabilities":"2434161000","current_liabilities_to_current_assets":"2.02","liabilities_to_assets":"0.92"},"2015-12-31":{"Total Revenue":"71092.0","Operating Income":"16311.0","Net Income":"13522.0","operating_margin":"0.23","net_margin":"0.19","Total Current Assets":"908791000","Total Assets":"2409656000","Total Current Liabilities":"1956875000","Total Liabilities":"2212138000","current_liabilities_to_current_assets":"2.15","liabilities_to_assets":"0.92"},"2016-12-31":{"Total Revenue":"59836.0","Operating Income":"4758.0","Net Income":"2479.0","operating_margin":"0.08","net_margin":"0.04","Total Current Assets":"934150000","Total Assets":"2374986000","Total Current Liabilities":"1919363000","Total Liabilities":"2192408000","current_liabilities_to_current_assets":"2.05","liabilities_to_assets":"0.92","revenue_diff":"-0.16","operating_margin_diff":"-0.65","liabilities_to_assets_diff":"0.00"}},"OTCMKTS:ZURVY":{"name":"ZURVY","market":"OTCMKTS","2013-12-31":{"Total Revenue":"72045.0","Operating Income":"5959.0","Net Income":"4028.0","operating_margin":"0.08","net_margin":"0.06","Total Current Assets":"56206000","Total Assets":"415053000","Total Current Liabilities":"29912000","Total Liabilities":"380319000","current_liabilities_to_current_assets":"0.53","liabilities_to_assets":"0.92"},"2014-12-31":{"Total Revenue":"72571.0","Operating Income":"5899.0","Net Income":"3949.0","operating_margin":"0.08","net_margin":"0.05","Total Current Assets":"52699000","Total Assets":"406529000","Total Current Liabilities":"37970000","Total Liabilities":"369699000","current_liabilities_to_current_assets":"0.72","liabilities_to_assets":"0.91"},"2015-12-31":{"Total Revenue":"60568.0","Operating Income":"3341.0","Net Income":"1842.0","operating_margin":"0.06","net_margin":"0.03","Total Current Assets":"51822000","Total Assets":"381972000","Total Current Liabilities":"35375000","Total Liabilities":"349069000","current_liabilities_to_current_assets":"0.68","liabilities_to_assets":"0.91"},"2016-12-31":{"Total Revenue":"67245.0","Operating Income":"5321.0","Net Income":"3211.0","operating_margin":"0.08","net_margin":"0.05","Total Current Assets":"52767000","Total Assets":"382679000","Total Current Liabilities":"36881000","Total Liabilities":"350206000","current_liabilities_to_current_assets":"0.70","liabilities_to_assets":"0.92","revenue_diff":"0.11","operating_margin_diff":"0.33","liabilities_to_assets_diff":"0.01"}},"ETR:VOW":{"name":"VOW","market":"ETR","2013-12-31":{"Total Revenue":"197007.0","Operating Income":"11671.0","Net Income":"9066.0","operating_margin":"0.06","net_margin":"0.05"},"2014-12-31":{"Total Revenue":"202458.0","Operating Income":"12697.0","Net Income":"10984.0","operating_margin":"0.06","net_margin":"0.05"},"2015-12-31":{"Total Revenue":"213292.0","Operating Income":"-4069.0","Net Income":"-1371.0","operating_margin":"-0.02","net_margin":"-0.01"},"2016-12-31":{"Total Revenue":"217267.0","Operating Income":"7103.0","Net Income":"5369.0","operating_margin":"0.03","net_margin":"0.02"},"":{"revenue_diff":"nan","operating_margin_diff":"nan","liabilities_to_assets_diff":"nan"}},"OTCMKTS:RHHBY":{"name":"RHHBY","market":"OTCMKTS","2013-12-31":{"Total Revenue":"49630.4","Operating Income":"16719.1","Net Income":"11397.9","operating_margin":"0.34","net_margin":"0.23","Total Current Assets":"29164000","Total Assets":"62167000","Total Current Liabilities":"15760000","Total Liabilities":"40926000","current_liabilities_to_current_assets":"0.54","liabilities_to_assets":"0.66"},"2014-12-31":{"Total Revenue":"50910.7","Operating Income":"14385.2","Net Income":"9527.5","operating_margin":"0.28","net_margin":"0.19","Total Current Assets":"31114000","Total Assets":"75540000","Total Current Liabilities":"23108000","Total Liabilities":"53982000","current_liabilities_to_current_assets":"0.74","liabilities_to_assets":"0.71"},"2015-12-31":{"Total Revenue":"49153.6","Operating Income":"14110.5","Net Income":"9048.7","operating_margin":"0.29","net_margin":"0.18","Total Current Assets":"28182000","Total Assets":"75763000","Total Current Liabilities":"23768000","Total Liabilities":"52463000","current_liabilities_to_current_assets":"0.84","liabilities_to_assets":"0.69"},"2016-12-31":{"Total Revenue":"51635.6","Operating Income":"14363.7","Net Income":"9776.6","operating_margin":"0.28","net_margin":"0.19","Total Current Assets":"28670000","Total Assets":"76819000","Total Current Liabilities":"22600000","Total Liabilities":"50417000","current_liabilities_to_current_assets":"0.79","liabilities_to_assets":"0.66","revenue_diff":"0.05","operating_margin_diff":"-0.03","liabilities_to_assets_diff":"-0.04"}},"NASDAQ:NVDA":{"name":"NVDA","market":"NASDAQ","2014-01-26":{"Total Revenue":"4130.0","Operating Income":"496.0","Net Income":"440.0","operating_margin":"0.12","net_margin":"0.11"},"2015-01-25":{"Total Revenue":"4682.0","Operating Income":"759.0","Net Income":"631.0","operating_margin":"0.16","net_margin":"0.13","Total Current Assets":"5713000","Total Assets":"7201000","Total Current Liabilities":"896000","Total Liabilities":"2783000","current_liabilities_to_current_assets":"0.16","liabilities_to_assets":"0.39"},"2016-01-31":{"Total Revenue":"5010.0","Operating Income":"747.0","Net Income":"614.0","operating_margin":"0.15","net_margin":"0.12","Total Current Assets":"6053000","Total Assets":"7370000","Total Current Liabilities":"2351000","Total Liabilities":"2814000","current_liabilities_to_current_assets":"0.39","liabilities_to_assets":"0.38"},"2017-01-29":{"Total Revenue":"6910.0","Operating Income":"1934.0","Net Income":"1666.0","operating_margin":"0.28","net_margin":"0.24","Total Current Assets":"8536000","Total Assets":"9841000","Total Current Liabilities":"1788000","Total Liabilities":"4048000","current_liabilities_to_current_assets":"0.21","liabilities_to_assets":"0.41","revenue_diff":"0.38","operating_margin_diff":"0.87","liabilities_to_assets_diff":"0.08"}},"NASDAQ:TEAM":{"name":"TEAM","market":"NASDAQ","2014-06-30":{"Total Revenue":"215.1","Operating Income":"22.7","Net Income":"19.0","operating_margin":"0.11","net_margin":"0.09","Total Current Assets":"171000","Total Assets":"262000","Total Current Liabilities":"127000","Total Liabilities":"137000","current_liabilities_to_current_assets":"0.74","liabilities_to_assets":"0.52"},"2015-06-30":{"Total Revenue":"319.5","Operating Income":"1.7","Net Income":"6.8","operating_margin":"0.01","net_margin":"0.02","Total Current Assets":"239000","Total Assets":"397000","Total Current Liabilities":"188000","Total Liabilities":"207000","current_liabilities_to_current_assets":"0.79","liabilities_to_assets":"0.52"},"2016-06-30":{"Total Revenue":"457.1","Operating Income":"-5.9","Net Income":"4.4","operating_margin":"-0.01","net_margin":"0.01","Total Current Assets":"779000","Total Assets":"991000","Total Current Liabilities":"237000","Total Liabilities":"259000","current_liabilities_to_current_assets":"0.30","liabilities_to_assets":"0.26"},"2017-06-30":{"Total Revenue":"619.9","Operating Income":"-63.1","Net Income":"-42.5","operating_margin":"-0.10","net_margin":"-0.07","Total Current Assets":"612000","Total Assets":"1284000","Total Current Liabilities":"327000","Total Liabilities":"390000","current_liabilities_to_current_assets":"0.53","liabilities_to_assets":"0.30","revenue_diff":"0.36","operating_margin_diff":"9.00","liabilities_to_assets_diff":"0.15"}},"NASDAQ:IRBT":{"name":"IRBT","market":"NASDAQ","2013-12-28":{"Total Revenue":"487.4","Operating Income":"32.6","Net Income":"27.6","operating_margin":"0.07","net_margin":"0.06"},"2014-12-27":{"Total Revenue":"556.8","Operating Income":"53.1","Net Income":"37.8","operating_margin":"0.10","net_margin":"0.07","Total Current Assets":"374859","Total Assets":"493213","Total Current Liabilities":"99041","Total Liabilities":"102777","current_liabilities_to_current_assets":"0.26","liabilities_to_assets":"0.21"},"2016-01-02":{"Total Revenue":"616.8","Operating Income":"60.6","Net Income":"44.1","operating_margin":"0.10","net_margin":"0.07","Total Current Assets":"389349","Total Assets":"521743","Total Current Liabilities":"96626","Total Liabilities":"104332","current_liabilities_to_current_assets":"0.25","liabilities_to_assets":"0.20"},"2016-12-31":{"Total Revenue":"660.6","Operating Income":"57.6","Net Income":"41.9","operating_margin":"0.09","net_margin":"0.06","Total Current Assets":"383670","Total Assets":"507912","Total Current Liabilities":"112636","Total Liabilities":"118956","current_liabilities_to_current_assets":"0.29","liabilities_to_assets":"0.23","revenue_diff":"0.07","operating_margin_diff":"-0.10","liabilities_to_assets_diff":"0.15"}},"NYSE:O":{"name":"O","market":"NYSE","2013-12-31":{"Total Revenue":"780.2","Operating Income":"183.0","Net Income":"245.6","operating_margin":"0.23","net_margin":"0.31"},"2014-12-31":{"Total Revenue":"933.5","Operating Income":"233.4","Net Income":"270.6","operating_margin":"0.25","net_margin":"0.29","Total Current Assets":0,"Total Assets":"11012622","Total Current Liabilities":0,"Total Liabilities":"5399221","current_liabilities_to_current_assets":0,"liabilities_to_assets":"0.49"},"2015-12-31":{"Total Revenue":"1023.3","Operating Income":"265.8","Net Income":"283.8","operating_margin":"0.26","net_margin":"0.28","Total Current Assets":0,"Total Assets":"11845379","Total Current Liabilities":0,"Total Liabilities":"5313783","current_liabilities_to_current_assets":0,"liabilities_to_assets":"0.45"},"2016-12-31":{"Total Revenue":"1103.2","Operating Income":"297.8","Net Income":"315.6","operating_margin":"0.27","net_margin":"0.29","Total Current Assets":0,"Total Assets":"13152871","Total Current Liabilities":0,"Total Liabilities":"6386067","current_liabilities_to_current_assets":0,"liabilities_to_assets":"0.49","revenue_diff":"0.08","operating_margin_diff":"0.04","liabilities_to_assets_diff":"0.09"}}}