{"NYSE:DPS":{"name":"DPS","market":"NYSE","2013-12-31":{"Total Revenue":"5997.0","Operating Income":"1046.0","Net Income":"624.0"},"2014-12-31":{"Total Revenue":"6121.0","Operating Income":"1180.0","Net Income":"703.0"},"2015-12-31":{"Total Revenue":"6282.0","Operating Income":"1298.0","Net Income":"764.0"},"2016-12-31":{"Total Revenue":"6440.0","Operating Income":"1433.0","Net Income":"847.0"},"2017-12-31":{"Total Revenue":"6690.0","Operating Income":"1388.0","Net Income":"1076.0"}},"VTX:NESN":{"2013-12-31":{"Total Revenue":"92373.0","Operating Income":"13068.0","Net Income":"10015.0"},"2014-12-31":{"Total Revenue":"91865.0","Operating Income":"14119.0","Net Income":"14456.0"},"2015-12-31":{"Total Revenue":"89083.0","Operating Income":"13818.0","Net Income":"9066.0"},"2016-12-31":{"Total Revenue":"89786.0","Operating Income":"14216.0","Net Income":"8531.0"},"2017-12-31":{"Total Revenue":"90121.0","Operating Income":"14779.0","Net Income":"7183.0"},"market":"VTX","name":"NESN"},"NASDAQ:PEP":{"2013-12-28":{"Total Revenue":"66415.0","Operating Income":"9705.0","Net Income":"6740.0"},"2014-12-27":{"Total Revenue":"66683.0","Operating Income":"9581.0","Net Income":"6513.0"},"2015-12-26":{"Total Revenue":"63056.0","Operating Income":"9712.0","Net Income":"5452.0"},"2016-12-31":{"Total Revenue":"62799.0","Operating Income":"9785.0","Net Income":"6329.0"},"2017-12-30":{"Total Revenue":"63525.0","Operating Income":"10509.0","Net Income":"4857.0"},"market":"NASDAQ","name":"PEP"},"EPA:BN":{"2013-12-31":{"Total Revenue":"21298.0","Operating Income":"2128.0","Net Income":"1422.0"},"2014-12-31":{"Total Revenue":"21144.0","Operating Income":"2612.0","Net Income":"1119.0"},"2015-12-31":{"Total Revenue":"22412.0","Operating Income":"2927.0","Net Income":"1282.0"},"2016-12-31":{"Total Revenue":"21944.0","Operating Income":"3058.0","Net Income":"1720.0"},"2017-12-31":{"Total Revenue":"24677.0","Operating Income":"3599.0","Net Income":"2453.0"},"market":"EPA","name":"BN"},"NYSE:VZ":{"name":"VZ","market":"NYSE","2013-12-31":{"Total Revenue":"120550.0","Operating Income":"31968.0","Net Income":"11497.0"},"2014-12-31":{"Total Revenue":"127079.0","Operating Income":"19599.0","Net Income":"9625.0"},"2015-12-31":{"Total Revenue":"131620.0","Operating Income":"33060.0","Net Income":"17879.0"},"2016-12-31":{"Total Revenue":"125980.0","Operating Income":"28066.0","Net Income":"13127.0"},"2017-12-31":{"Total Revenue":"126034.0","Operating Income":"29188.0","Net Income":"30101.0"}},"NYSE:T":{"name":"T","market":"NYSE","2013-12-31":{"Total Revenue":"128752.0","Operating Income":"30752.0","Net Income":"18418.0"},"2014-12-31":{"Total Revenue":"132447.0","Operating Income":"14332.0","Net Income":"6442.0"},"2015-12-31":{"Total Revenue":"146801.0","Operating Income":"24820.0","Net Income":"13345.0"},"2016-12-31":{"Total Revenue":"163786.0","Operating Income":"24708.0","Net Income":"12976.0"},"2017-12-31":{"Total Revenue":"160546.0","Operating Income":"23863.0","Net Income":"29450.0"}},"NASDAQ:VOD":{"2014-03-31":{"Total Revenue":"54156.6","Operating Income":"4414.9","Net Income":"83685.2"},"2015-03-31":{"Total Revenue":"54658.1","Operating Income":"2429.9","Net Income":"8222.7"},"2016-03-31":{"Total Revenue":"56267.9","Operating Income":"2066.1","Net Income":"-6105.8"},"2017-03-31":{"Total Revenue":"53806.4","Operating Income":"4154.9","Net Income":"-7113.4"},"2018-03-31":{"Total Revenue":"52608.9","Operating Income":"4923.0","Net Income":"2755.2"},"market":"NASDAQ","name":"VOD"},"NYSE:XOM":{"name":"XOM","market":"NYSE","2013-12-31":{"Total Revenue":"438255.0","Operating Income":"57720.0","Net Income":"32580.0"},"2014-12-31":{"Total Revenue":"394105.0","Operating Income":"34082.0","Net Income":"32520.0"},"2015-12-31":{"Total Revenue":"239854.0","Operating Income":"12883.0","Net Income":"16150.0"},"2016-12-31":{"Total Revenue":"200628.0","Operating Income":"936.0","Net Income":"7840.0"},"2017-12-31":{"Total Revenue":"237162.0","Operating Income":"12074.0","Net Income":"19710.0"}},"NYSE:DIS":{"2013-09-30":{"Total Revenue":"45041.0","Operating Income":"9450.0","Net Income":"6136.0"},"2014-09-30":{"Total Revenue":"48813.0","Operating Income":"11540.0","Net Income":"7501.0"},"2015-10-03":{"Total Revenue":"52465.0","Operating Income":"13224.0","Net Income":"8382.0"},"2016-10-01":{"Total Revenue":"55632.0","Operating Income":"14358.0","Net Income":"9391.0"},"2017-09-30":{"Total Revenue":"55137.0","Operating Income":"13873.0","Net Income":"8980.0"},"2018-09-29":{"Total Revenue":"59434.0","Operating Income":"14837.0","Net Income":"12598.0"},"market":"NYSE","name":"DIS"},"NYSE:SNE":{"2014-03-31":{"Total Revenue":"70216.1","Operating Income":"746.1","Net Income":"-1160.5"},"2015-03-31":{"Total Revenue":"74355.4","Operating Income":"2228.9","Net Income":"-1140.1"},"2016-03-31":{"Total Revenue":"73358.3","Operating Income":"3069.2","Net Income":"1337.5"},"2017-03-31":{"Total Revenue":"68810.9","Operating Income":"3929.1","Net Income":"663.3"},"2018-03-31":{"Total Revenue":"77324.7","Operating Income":"6609.9","Net Income":"4441.8"},"market":"NYSE","name":"SNE"},"NASDAQ:NFLX":{"2013-12-31":{"Total Revenue":"4374.6","Operating Income":"228.3","Net Income":"112.4"},"2014-12-31":{"Total Revenue":"5504.7","Operating Income":"402.6","Net Income":"266.8"},"2015-12-31":{"Total Revenue":"6779.5","Operating Income":"305.8","Net Income":"122.6"},"2016-12-31":{"Total Revenue":"8830.7","Operating Income":"379.8","Net Income":"186.7"},"2017-12-31":{"Total Revenue":"11692.7","Operating Income":"838.7","Net Income":"558.9"},"2018-12-31":{"Total Revenue":"15794.3","Operating Income":"1605.2","Net Income":"1211.2"},"market":"NASDAQ","name":"NFLX"},"NYSE:TWX":{"name":"TWX","market":"NYSE","2013-12-31":{"Total Revenue":"26461.0","Operating Income":"6268.0","Net Income":"3691.0"},"2014-12-31":{"Total Revenue":"27359.0","Operating Income":"6092.0","Net Income":"3827.0"},"2015-12-31":{"Total Revenue":"28118.0","Operating Income":"6951.0","Net Income":"3833.0"},"2016-12-31":{"Total Revenue":"29318.0","Operating Income":"7629.0","Net Income":"3926.0"},"2017-12-31":{"Total Revenue":"31271.0","Operating Income":"7989.0","Net Income":"5247.0"}},"NASDAQ:CMCSA":{"2013-12-31":{"Total Revenue":"64657.0","Operating Income":"13563.0","Net Income":"6816.0"},"2014-12-31":{"Total Revenue":"68775.0","Operating Income":"14904.0","Net Income":"8380.0"},"2015-12-31":{"Total Revenue":"74510.0","Operating Income":"15998.0","Net Income":"8163.0"},"2016-12-31":{"Total Revenue":"80736.0","Operating Income":"16831.0","Net Income":"8678.0"},"2017-12-31":{"Total Revenue":"85029.0","Operating Income":"18018.0","Net Income":"22735.0"},"2018-12-31":{"Total Revenue":"94507.0","Operating Income":"19009.0","Net Income":"11731.0"},"market":"NASDAQ","name":"CMCSA"},"NASDAQ:FOXA":{"2014-06-30":{"Total Revenue":"31867.0","Operating Income":"5488.0","Net Income":"4514.0"},"2015-06-30":{"Total Revenue":"28987.0","Operating Income":"5906.0","Net Income":"8306.0"},"2016-06-30":{"Total Revenue":"27326.0","Operating Income":"5992.0","Net Income":"2755.0"},"2017-06-30":{"Total Revenue":"28500.0","Operating Income":"6555.0","Net Income":"2952.0"},"2018-06-30":{"Total Revenue":"30400.0","Operating Income":"6379.0","Net Income":"4464.0"},"market":"NASDAQ","name":"FOXA"},"NYSE:TM":{"2014-03-31":{"Total Revenue":"232254.9","Operating Income":"20720.7","Net Income":"16481.0"},"2015-03-31":{"Total Revenue":"246477.9","Operating Income":"24893.2","Net Income":"19669.1"},"2016-03-31":{"Total Revenue":"257053.9","Operating Income":"25829.0","Net Income":"20930.3"},"2017-03-31":{"Total Revenue":"249760.1","Operating Income":"18049.5","Net Income":"16571.9"},"2018-03-31":{"Total Revenue":"265890.4","Operating Income":"21719.2","Net Income":"22571.0"},"market":"NYSE","name":"TM"},"FRA:VOW":{"name":"VOW","market":"FRA","2013-12-31":{"Total Revenue":"197007.0","Operating Income":"11671.0","Net Income":"9066.0"},"2014-12-31":{"Total Revenue":"202458.0","Operating Income":"12697.0","Net Income":"10984.0"},"2015-12-31":{"Total Revenue":"213292.0","Operating Income":"-4069.0","Net Income":"-1371.0"},"2016-12-31":{"Total Revenue":"217267.0","Operating Income":"7103.0","Net Income":"5369.0"}},"NYSE:GM":{"2013-12-31":{"Total Revenue":"155427.0","Operating Income":"5131.0","Net Income":"5346.0"},"2014-12-31":{"Total Revenue":"155929.0","Operating Income":"1650.0","Net Income":"3949.0"},"2015-12-31":{"Total Revenue":"135725.0","Operating Income":"5538.0","Net Income":"9687.0"},"2016-12-31":{"Total Revenue":"149184.0","Operating Income":"8686.0","Net Income":"9427.0"},"2017-12-31":{"Total Revenue":"145588.0","Operating Income":"8661.0","Net Income":"-3864.0"},"2018-12-31":{"Total Revenue":"147049.0","Operating Income":"4445.0","Net Income":"8014.0"},"market":"NYSE","name":"GM"},"EPA:UG":{"name":"UG","market":"EPA","2013-12-31":{"Total Revenue":"53079.0","Operating Income":"-1529.0","Net Income":"-2327.0"},"2014-12-31":{"Total Revenue":"51592.0","Operating Income":"797.0","Net Income":"-706.0"},"2015-12-31":{"Total Revenue":"54676.0","Operating Income":"2733.0","Net Income":"899.0"},"2016-12-31":{"Total Revenue":"54030.0","Operating Income":"3235.0","Net Income":"1730.0"},"2017-12-31":{"Total Revenue":"65210.0","Operating Income":"3991.0","Net Income":"1929.0"}},"NYSE:F":{"2013-12-31":{"Total Revenue":"146917.0","Operating Income":"13017.0","Net Income":"11953.0"},"2014-12-31":{"Total Revenue":"144077.0","Operating Income":"1016.0","Net Income":"1231.0"},"2015-12-31":{"Total Revenue":"149558.0","Operating Income":"7780.0","Net Income":"7373.0"},"2016-12-31":{"Total Revenue":"151800.0","Operating Income":"6611.0","Net Income":"4596.0"},"2017-12-31":{"Total Revenue":"156776.0","Operating Income":"5491.0","Net Income":"7602.0"},"market":"NYSE","name":"F"},"NYSE:ED":{"2013-12-31":{"Total Revenue":"12354.0","Operating Income":"2244.0","Net Income":"1062.0"},"2014-12-31":{"Total Revenue":"12919.0","Operating Income":"2164.0","Net Income":"1092.0"},"2015-12-31":{"Total Revenue":"12554.0","Operating Income":"2427.0","Net Income":"1193.0"},"2016-12-31":{"Total Revenue":"12075.0","Operating Income":"2471.0","Net Income":"1245.0"},"2017-12-31":{"Total Revenue":"12033.0","Operating Income":"2609.0","Net Income":"1525.0"},"market":"NYSE","name":"ED"},"NASDAQ:SPWR":{"2013-12-29":{"Total Revenue":"2507.2","Operating Income":"158.9","Net Income":"95.6"},"2014-12-28":{"Total Revenue":"3027.3","Operating Income":"263.5","Net Income":"245.9"},"2015-12-31":{"Total Revenue":"1576.5","Operating Income":"-199.9","Net Income":"-187.0"},"2016-12-31":{"Total Revenue":"2559.8","Operating Income":"-255.1","Net Income":"-471.2"},"2017-12-31":{"Total Revenue":"1794.0","Operating Income":"-379.5","Net Income":"-929.1"},"2018-12-30":{"Total Revenue":"1726.1","Operating Income":"-638.9","Net Income":"-811.1"},"market":"NASDAQ","name":"SPWR"},"NASDAQ:TSLA":{"name":"TSLA","market":"NASDAQ","2013-12-31":{"Total Revenue":"2013.5","Operating Income":"-61.3","Net Income":"-74.0"},"2014-12-31":{"Total Revenue":"3198.4","Operating Income":"-186.7","Net Income":"-294.0"},"2015-12-31":{"Total Revenue":"4046.0","Operating Income":"-716.6","Net Income":"-888.7"},"2016-12-31":{"Total Revenue":"7000.1","Operating Income":"-667.3","Net Income":"-674.9"},"2017-12-31":{"Total Revenue":"11758.8","Operating Income":"-1632.1","Net Income":"-1961.4"}},"BME:ACS":{"2013-12-31":{"Total Revenue":"35178.0","Operating Income":"1738.2","Net Income":"701.5"},"2014-12-31":{"Total Revenue":"34880.9","Operating Income":"963.5","Net Income":"717.1"},"2015-12-31":{"Total Revenue":"33291.3","Operating Income":"1121.1","Net Income":"725.3"},"2016-12-31":{"Total Revenue":"31975.2","Operating Income":"1368.4","Net Income":"751.0"},"2017-12-31":{"Total Revenue":"34898.2","Operating Income":"1515.1","Net Income":"802.0"},"market":"BME","name":"ACS"},"BME:ACX":{"2013-12-31":{"Total Revenue":"3966.3","Operating Income":"88.3","Net Income":"22.1"},"2014-12-31":{"Total Revenue":"4380.3","Operating Income":"297.7","Net Income":"136.3"},"2015-12-31":{"Total Revenue":"4221.4","Operating Income":"121.4","Net Income":"42.9"},"2016-12-31":{"Total Revenue":"3968.1","Operating Income":"152","Operating Income Manual":"152","Net Income":"67","Net Income Manual":"67"},"2017-12-31":{"Total Revenue":"4626.9","Operating Income":"314","Operating Income Manual":"314","Net Income":"221","Net Income Manual":"221"},"market":"BME","name":"ACX"},"BME:AENA":{"2013-12-31":{"Total Revenue":"2876.8","Operating Income":"741.8","Net Income":"596.7"},"2014-12-31":{"Total Revenue":"3076.0","Operating Income":"1061.7","Net Income":"478.6"},"2015-12-31":{"Total Revenue":"3450.7","Operating Income":"1263.4","Net Income":"833.5"},"2016-12-31":{"Total Revenue":"3709.6","Operating Income":"1482.1","Net Income":"1164.1"},"2017-12-31":{"Total Revenue":"3960.6","Operating Income":"1722.2","Net Income":"1232.0"},"market":"BME","name":"AENA"},"BME:AMS":{"2013-12-31":{"Total Revenue":"3103.7","Operating Income":"888.0","Net Income":"562.6"},"2014-12-31":{"Total Revenue":"3417.7","Operating Income":"955.7","Net Income":"631.5"},"2015-12-31":{"Total Revenue":"3912.7","Operating Income":"1053.0","Net Income":"683.9"},"2016-12-31":{"Total Revenue":"4472.9","Operating Income":"1212.3","Net Income":"825.5"},"2017-12-31":{"Total Revenue":"4852.7","Operating Income":"1323.2","Net Income":"1002.9"},"market":"BME","name":"AMS"},"BME:ANA":{"2013-12-31":{"Total Revenue":"6271.2","Operating Income":"-1832.0","Net Income":"-1972.4"},"2014-12-31":{"Total Revenue":"6498.5","Operating Income":"538.5","Net Income":"184.9"},"2015-12-31":{"Total Revenue":"6543.5","Operating Income":"608.7","Net Income":"207.3"},"2016-12-31":{"Total Revenue":"5977.4","Operating Income":"412.4","Net Income":"352.0"},"2017-12-31":{"Total Revenue":"7254.0","Operating Income":"610.5","Net Income":"220.1"},"market":"BME","name":"ANA"},"BME:BBVA":{"2013-12-31":{"Total Revenue":"26550.0","Operating Income":"954.0","Net Income":"2084.0"},"2014-12-31":{"Total Revenue":"25802.0","Operating Income":"3980.0","Net Income":"2618.0"},"2015-12-31":{"Total Revenue":"28072.0","Operating Income":"4604.0","Net Income":"2642.0"},"2016-12-31":{"Total Revenue":"29300.0","Operating Income":"6391.0","Net Income":"3475.0"},"2017-12-31":{"Total Revenue":"29761.0","Operating Income":"7534.0","Net Income":"3519.0"},"market":"BME","name":"BBVA"},"BME:BKIA":{"2013-12-31":{"Total Revenue":"2727.1","Operating Income":"147.4","Net Income":"407.6"},"2014-12-31":{"Total Revenue":"4203.9","Operating Income":"1108.2","Net Income":"747.1"},"2015-12-31":{"Total Revenue":"4005.3","Operating Income":"1413.3","Net Income":"1040.0"},"2016-12-31":{"Total Revenue":"2999.7","Operating Income":"1300.8","Net Income":"804.2"},"2017-12-31":{"Total Revenue":"3245.5","Operating Income":"744.1","Net Income":"504.5"},"market":"BME","name":"BKIA"},"BME:BKT":{"2013-12-31":{"Total Revenue":"1518.4","Operating Income":"354.7","Net Income":"189.9"},"2014-12-31":{"Total Revenue":"1867.0","Operating Income":"450.7","Net Income":"275.9"},"2015-12-31":{"Total Revenue":"1918.1","Operating Income":"593.2","Net Income":"375.9"},"2016-12-31":{"Total Revenue":"2127.7","Operating Income":"607.7","Net Income":"490.1"},"2017-12-31":{"Total Revenue":"2343.1","Operating Income":"705.1","Net Income":"495.2"},"market":"BME","name":"BKT"},"BME:CABK":{"2013-12-31":{"Total Revenue":"2391.3","Operating Income":"-2749.4","Net Income":"315.9"},"2014-12-31":{"Total Revenue":"7553.0","Operating Income":"588.1","Net Income":"620.0"},"2015-12-31":{"Total Revenue":"7968.4","Operating Income":"702.1","Net Income":"814.5"},"2016-12-31":{"Total Revenue":"7785.8","Operating Income":"2642.3","Net Income":"1047.0"},"2017-12-31":{"Total Revenue":"9033.3","Operating Income":"1934.5","Net Income":"1684.2"},"market":"BME","name":"CABK"},"BME:DIA":{"2013-12-31":{"Total Revenue":"8039.8","Operating Income":"354.0","Net Income":"209.3"},"2014-12-31":{"Total Revenue":"8011.0","Operating Income":"341.0","Net Income":"329.2"},"2015-12-31":{"Total Revenue":"8925.5","Operating Income":"266.8","Net Income":"299.2"},"2016-12-31":{"Total Revenue":"8692.6","Operating Income Manual":"297.8","Operating Income":"297.8","Net Income":"174.0"},"2017-12-31":{"Total Revenue":"8655.2","Operating Income Manual":"207.7","Operating Income":"207.7","Net Income":"109.6"},"market":"BME","name":"DIA"},"BME:ELE":{"2013-12-31":{"Total Revenue":"20509.0","Operating Income":"1615.0","Net Income":"1879.0"},"2014-12-31":{"Total Revenue":"20473.0","Operating Income":"928.0","Net Income":"3337.0"},"2015-12-31":{"Total Revenue":"19281.0","Operating Income":"1034.0","Net Income":"1086.0"},"2016-12-31":{"Total Revenue":"18313.0","Operating Income":"1658.0","Net Income":"1411.0"},"2017-12-31":{"Total Revenue":"19556.0","Operating Income":"1852.0","Net Income":"1463.0"},"market":"BME","name":"ELE"},"BME:ENG":{"2013-12-31":{"Total Revenue":"1233.0","Operating Income":"649.7","Net Income":"403.2"},"2014-12-31":{"Total Revenue":"1206.2","Operating Income":"624.8","Net Income":"406.5"},"2015-12-31":{"Total Revenue":"1196.4","Operating Income":"610.6","Net Income":"412.7"},"2016-12-31":{"Total Revenue":"1188.0","Operating Income":"611.2","Net Income":"417.2"},"2017-12-31":{"Total Revenue":"1360.2","Operating Income":"694.4","Net Income":"490.8"},"market":"BME","name":"ENG"},"BME:FCC":{"2013-12-31":{"Total Revenue":"6750.0","Operating Income":"-307.7","Net Income":"-1506.3"},"2014-12-31":{"Total Revenue":"6334.1","Operating Income":"306.3","Net Income":"-724.3"},"2015-12-31":{"Total Revenue":"6476.0","Operating Income":"328.6","Net Income":"-46.3"},"2016-12-31":{"Total Revenue":"5951.6","Operating Income":"375.3","Net Income":"-161.6"},"2017-12-31":{"Total Revenue":"5802.0","Operating Income":"448.6","Net Income":"118.0"},"market":"BME","name":"FCC"},"BME:FER":{"2013-12-31":{"Total Revenue":"8166.0","Operating Income":"827.0","Net Income":"727.0"},"2014-12-31":{"Total Revenue":"8802.0","Operating Income":"739.0","Net Income":"402.0"},"2015-12-31":{"Total Revenue":"9701.0","Operating Income":"771.0","Net Income":"720.0"},"2016-12-31":{"Total Revenue":"10759.0","Operating Income":"602.0","Net Income":"376.0"},"2017-12-31":{"Total Revenue":"12208.0","Operating Income":"557.0","Net Income":"454.0"},"market":"BME","name":"FER"},"BME:SGRE":{"2013-12-31":{"Total Revenue":"2335.6","Operating Income":"130.3","Net Income":"45.0"},"2014-12-31":{"Total Revenue":"2846.2","Operating Income":"189.1","Net Income":"91.8"},"2015-12-31":{"Total Revenue":"3503.8","Operating Income":"303.2","Net Income":"170.2"},"2016-12-31":{"Total Revenue":"4612.0","Operating Income":"494.3","Net Income":"301.3"},"market":"BME","name":"SGRE"},"BME:GAS":{"2013-12-31":{"Total Revenue":"24322.0","Operating Income":"3022.0","Net Income":"1445.0"},"2014-12-31":{"Total Revenue":"24697.0","Operating Income":"3185.0","Net Income":"1462.0"},"2015-12-31":{"Total Revenue":"26015.0","Operating Income":"3519.0","Net Income":"1502.0"},"2016-12-31":{"Total Revenue":"21908.0","Operating Income":"2987.0","Net Income":"1347.0"},"2017-12-31":{"Total Revenue":"23306.0","Operating Income":"2202.0","Net Income":"1360.0"},"market":"BME","name":"GAS"},"BME:GRF":{"2013-12-31":{"Total Revenue":"2741.7","Operating Income":"736.1","Net Income":"345.6"},"2014-12-31":{"Total Revenue":"3355.4","Operating Income":"857.7","Net Income":"470.3"},"2015-12-31":{"Total Revenue":"3934.6","Operating Income":"970.4","Net Income":"532.1"},"2016-12-31":{"Total Revenue":"4049.8","Operating Income":"939.4","Net Income":"545.5"},"2017-12-31":{"Total Revenue":"4318.1","Operating Income":"1003.3","Net Income":"662.7"},"market":"BME","name":"GRF"},"BME:IAG":{"name":"IAG","market":"BME","2013-12-31":{"Total Revenue":"18569.0","Operating Income":"527.0","Net Income":"122.0"},"2014-12-31":{"Total Revenue":"20170.0","Operating Income":"1029.0","Net Income":"982.0"},"2015-12-31":{"Total Revenue":"22858.0","Operating Income":"2318.0","Net Income":"1495.0"},"2016-12-31":{"Total Revenue":"22567.0","Operating Income":"2484.0","Net Income":"1931.0"}},"BME:IBE":{"2013-12-31":{"Total Revenue":"31077.1","Operating Income":"2219.5","Net Income":"2571.8"},"2014-12-31":{"Total Revenue":"30032.3","Operating Income":"4039.8","Net Income":"2347.9"},"2015-12-31":{"Total Revenue":"31418.7","Operating Income":"4108.7","Net Income":"2443.0"},"2016-12-31":{"Total Revenue":"28759.1","Operating Income":"4685.9","Net Income":"2705.0"},"2017-12-31":{"Total Revenue":"31263.3","Operating Income":"2712.6","Net Income":"2804.0"},"market":"BME","name":"IBE"},"BME:IDR":{"2013-12-31":{"Total Revenue":"2914.1","Operating Income":"198.3","Net Income":"115.8"},"2014-12-31":{"Total Revenue":"2937.9","Operating Income":"1.4","Net Income":"-91.9"},"2015-12-31":{"Total Revenue":"2850.4","Operating Income":"-520.7","Net Income":"-641.2"},"2016-12-31":{"Total Revenue":"2709.3","Operating Income":"163.0","Net Income":"69.9"},"2017-12-31":{"Total Revenue":"3011.1","Operating Income":"196.7","Net Income":"126.9"},"market":"BME","name":"IDR"},"BME:ITX":{"2014-01-31":{"Total Revenue":"16724.4","Operating Income":"3070.9","Net Income":"2377.1"},"2015-01-31":{"Total Revenue":"18116.5","Operating Income":"3198.2","Net Income":"2500.5"},"2016-01-31":{"Total Revenue":"20900.4","Operating Income":"3677.4","Net Income":"2874.6"},"2017-01-31":{"Total Revenue":"23311.0","Operating Income":"4020.0","Net Income":"3157.0"},"2018-01-31":{"Total Revenue":"25336.0","Operating Income":"4315.0","Net Income":"3368.0"},"market":"BME","name":"ITX"},"BME:MAP":{"2013-12-31":{"Total Revenue":"22382.1","Operating Income":"1563.9","Net Income":"790.5"},"2014-12-31":{"Total Revenue":"21574.5","Operating Income":"1745.5","Net Income":"845.1"},"2015-12-31":{"Total Revenue":"22629.2","Operating Income":"1484.0","Net Income":"708.8"},"2016-12-31":{"Total Revenue":"22589.1","Operating Income":"1845.1","Net Income":"775.5"},"2017-12-31":{"Total Revenue":"22577.3","Operating Income":"1508.7","Net Income":"700.5"},"market":"BME","name":"MAP"},"BME:MEL":{"2013-12-31":{"Total Revenue":"1368.7","Operating Income":"174.9","Net Income":"-73.2"},"2014-12-31":{"Total Revenue":"1495.0","Operating Income":"133.4","Net Income":"30.4"},"2015-12-31":{"Total Revenue":"1738.2","Operating Income":"202.6","Net Income":"36.0"},"2016-12-31":{"Total Revenue":"1802.0","Operating Income":"175.8","Net Income":"100.7"},"2017-12-31":{"Total Revenue":"1885.2","Operating Income":"200.3","Net Income":"128.7"},"market":"BME","name":"MEL"},"BME:MTS":{"2013-12-31":{"Total Revenue":"68367.7","Operating Income":"1030.2","Net Income":"-2190.3"},"2014-12-31":{"Total Revenue":"68016.0","Operating Income":"2602.9","Net Income":"-931.7"},"2015-12-31":{"Total Revenue":"54543.6","Operating Income":"-3569.7","Net Income":"-6816.9"},"2016-12-31":{"Total Revenue":"48721.0","Operating Income":"3569.7","Net Income":"1526.2"},"2017-12-31":{"Total Revenue":"58919.7","Operating Income":"4661.8","Net Income":"3918.9"},"market":"BME","name":"MTS"},"BME:OHL":{"2013-12-31":{"Total Revenue":"3517.9","Operating Income":"1029.0","Net Income":"270.4"},"2014-12-31":{"Total Revenue":"3634.1","Operating Income":"614.1","Net Income":"23.2"},"2015-12-31":{"Total Revenue":"4368.9","Operating Income":"684.8","Net Income":"55.6"},"2016-12-31":{"Total Revenue":"3342.4","Operating Income":"-706.0","Net Income":"-432.3"},"2017-12-31":{"Total Revenue":"3216.4","Operating Income":"-132.7","Net Income":"-12.1"},"market":"BME","name":"OHL"},"BME:REE":{"2013-12-31":{"Total Revenue":"1758.3","Operating Income":"898.7","Net Income":"529.1"},"2014-12-31":{"Total Revenue":"1846.7","Operating Income":"958.3","Net Income":"717.8"},"2015-12-31":{"Total Revenue":"1938.9","Operating Income":"989.0","Net Income":"606.0"},"2016-12-31":{"Total Revenue":"1932.3","Operating Income":"1003.2","Net Income":"636.9"},"2017-12-31":{"Total Revenue":"1941.2","Operating Income":"1027.8","Net Income":"669.8"},"market":"BME","name":"REE"},"BME:REP":{"2013-12-31":{"Total Revenue":"46089.0","Operating Income":"959.0","Net Income":"195.0"},"2014-12-31":{"Total Revenue":"45433.0","Operating Income":"666.0","Net Income":"1612.0"},"2015-12-31":{"Total Revenue":"39737.0","Operating Income":"539.0","Net Income":"-1398.0"},"2016-12-31":{"Total Revenue":"34689.0","Operating Income":"1233.0","Net Income":"1736.0"},"2017-12-31":{"Total Revenue":"41668.0","Operating Income":"2847.0","Net Income":"2121.0"},"market":"BME","name":"REP"},"BME:SAB":{"2013-12-31":{"Total Revenue":"3649.0","Operating Income":"739.8","Net Income":"145.9"},"2014-12-31":{"Total Revenue":"5212.8","Operating Income":"1139.6","Net Income":"371.7"},"2015-12-31":{"Total Revenue":"5578.3","Operating Income":"1354.6","Net Income":"708.4"},"2016-12-31":{"Total Revenue":"5693.3","Operating Income":"1860.8","Net Income":"710.4"},"2017-12-31":{"Total Revenue":"6173.1","Operating Income":"1386.8","Net Income":"801.5"},"market":"BME","name":"SAB"},"BME:SAN":{"2013-12-31":{"Total Revenue":"45630.0","Total Revenue Manual":"44750.0","Operating Income":"7378.0","Net Income":"4175.0","Net Income Manual":"4370.0"},"2014-12-31":{"Total Revenue":"47742.0","Total Revenue Manual":"47742.0","Operating Income":"10873.0","Net Income":"5816.0","Net Income Manual":"5816.0"},"2015-12-31":{"Total Revenue":"48753.0","Total Revenue Manual":"48753.0","Operating Income":"10006.0","Net Income":"5966.0","Net Income Manual":"5966.0"},"2016-12-31":{"Total Revenue":"47602.0","Total Revenue Manual":"47602.0","Operating Income":"10854.0","Net Income":"6204.0","Net Income Manual":"6204.0"},"2017-12-31":{"Total Revenue":"52106.0","Total Revenue Manual":"52106.0","Operating Income":"11000.0","Net Income":"6619.0","Net Income Manual":"6619.0"},"market":"BME","name":"SAN"},"BME:SCYR":{"2013-12-31":{"Total Revenue":"2675.3","Operating Income":"13.9","Net Income":"-499.0"},"2014-12-31":{"Total Revenue":"2726.1","Operating Income":"202.4","Net Income":"32.7"},"2015-12-31":{"Total Revenue":"2953.2","Operating Income":"39.4","Net Income":"370.0"},"2016-12-31":{"Total Revenue":"2861.8","Operating Income":"204.0","Net Income":"120.2"},"2017-12-31":{"Total Revenue":"3094.2","Operating Income":"361.7","Net Income":"130.6"},"market":"BME","name":"SCYR"},"BME:TEF":{"2013-12-31":{"Total Revenue":"50547.0","Operating Income":"8861.0","Net Income":"4593.0"},"2014-12-31":{"Total Revenue":"52084.0","Operating Income":"7025.0","Net Income":"3001.0"},"2015-12-31":{"Total Revenue":"56927.0","Operating Income":"3668.0","Net Income":"616.0"},"2016-12-31":{"Total Revenue":"53799.0","Operating Income":"5755.0","Net Income":"2369.0"},"2017-12-31":{"Total Revenue":"53497.0","Operating Income":"6835.0","Net Income":"3132.0"},"market":"BME","name":"TEF"},"BME:TL5":{"2013-12-31":{"Total Revenue":"818.8","Operating Income":"70.2","Net Income":"4.2"},"2014-12-31":{"Total Revenue":"919.4","Operating Income":"144.8","Net Income":"59.5"},"2015-12-31":{"Total Revenue":"957.9","Operating Income":"205.2","Net Income":"166.2"},"2016-12-31":{"Total Revenue":"985.0","Operating Income":"224.4","Net Income":"171.0"},"2017-12-31":{"Total Revenue":"985.6","Operating Income":"245.3","Net Income":"197.5"},"market":"BME","name":"TL5"},"BME:TRE":{"2013-12-31":{"Total Revenue":"2846.1","Operating Income":"148.0","Net Income":"127.6"},"2014-12-31":{"Total Revenue":"3149.2","Operating Income":"157.6","Net Income":"135.6"},"2015-12-31":{"Total Revenue":"4187.9","Operating Income":"86.0","Net Income":"59.4"},"2016-12-31":{"Total Revenue":"4792.6","Operating Income":"191.9","Net Income":"128.9"},"2017-12-31":{"Total Revenue":"5067.9","Operating Income":"100.4","Net Income":"39.5"},"market":"BME","name":"TRE"},"BME:FAE":{"2013-12-31":{"Total Revenue":"180.4","Operating Income":"28.6","Net Income":"22.6"},"2014-12-31":{"Total Revenue":"191.7","Operating Income":"35.6","Net Income":"25.3"},"2015-12-31":{"Total Revenue":"204.7","Operating Income":"41.6","Net Income":"30.4"},"2016-12-31":{"Total Revenue":"228.6","Operating Income":"48.0","Net Income":"36.6"},"2017-12-31":{"Total Revenue":"274.6","Operating Income":"50.5","Net Income":"42.2"},"market":"BME","name":"FAE"},"NASDAQ:GOOG":{"2013-12-31":{"Total Revenue":"55519.0","Operating Income":"15403.0","Net Income":"12733.0"},"2014-12-31":{"Total Revenue":"66001.0","Operating Income":"16496.0","Net Income":"14136.0"},"2015-12-31":{"Total Revenue":"74989.0","Operating Income":"19360.0","Net Income":"16348.0"},"2016-12-31":{"Total Revenue":"90272.0","Operating Income":"23716.0","Net Income":"19478.0"},"2017-12-31":{"Total Revenue":"110855.0","Operating Income":"28882.0","Net Income":"12662.0"},"2018-12-31":{"Total Revenue":"136819.0","Operating Income":"31392.0","Net Income":"30736.0"},"market":"NASDAQ","name":"GOOG"},"NASDAQ:MSFT":{"2014-06-30":{"Total Revenue":"86833.0","Operating Income":"27886.0","Net Income":"22074.0"},"2015-06-30":{"Total Revenue":"93580.0","Operating Income":"28172.0","Net Income":"12193.0"},"2016-06-30":{"Total Revenue":"91154.0","Operating Income":"27188.0","Net Income":"20539.0"},"2017-06-30":{"Total Revenue":"96571.0","Operating Income":"29331.0","Net Income":"25489.0"},"2018-06-30":{"Total Revenue":"110360.0","Operating Income":"35058.0","Net Income":"16571.0"},"market":"NASDAQ","name":"MSFT"},"NASDAQ:EBAY":{"2013-12-31":{"Total Revenue":"8257.0","Operating Income":"2454.0","Net Income":"2856.0"},"2014-12-31":{"Total Revenue":"8790.0","Operating Income":"2476.0","Net Income":"46.0"},"2015-12-31":{"Total Revenue":"8592.0","Operating Income":"2197.0","Net Income":"1725.0"},"2016-12-31":{"Total Revenue":"9298.0","Operating Income":"2325.0","Net Income":"7266.0"},"2017-12-31":{"Total Revenue":"9927.0","Operating Income":"2264.0","Net Income":"-1017.0"},"2018-12-31":{"Total Revenue":"10746.0","Operating Income":"2222.0","Net Income":"2530.0"},"market":"NASDAQ","name":"EBAY"},"NASDAQ:AMZN":{"2013-12-31":{"Total Revenue":"74452.0","Operating Income":"745.0","Net Income":"274.0"},"2014-12-31":{"Total Revenue":"88988.0","Operating Income":"178.0","Net Income":"-241.0"},"2015-12-31":{"Total Revenue":"107006.0","Operating Income":"2233.0","Net Income":"596.0"},"2016-12-31":{"Total Revenue":"135987.0","Operating Income":"4186.0","Net Income":"2371.0"},"2017-12-31":{"Total Revenue":"177866.0","Operating Income":"4106.0","Net Income":"3033.0"},"2018-12-31":{"Total Revenue":"232887.0","Operating Income":"12421.0","Net Income":"10073.0"},"market":"NASDAQ","name":"AMZN"},"NASDAQ:FB":{"2013-12-31":{"Total Revenue":"7872.0","Operating Income":"2804.0","Net Income":"1500.0"},"2014-12-31":{"Total Revenue":"12466.0","Operating Income":"4994.0","Net Income":"2940.0"},"2015-12-31":{"Total Revenue":"17928.0","Operating Income":"6225.0","Net Income":"3688.0"},"2016-12-31":{"Total Revenue":"27638.0","Operating Income":"12427.0","Net Income":"10217.0"},"2017-12-31":{"Total Revenue":"40653.0","Operating Income":"20203.0","Net Income":"15934.0"},"2018-12-31":{"Total Revenue":"55838.0","Operating Income":"24913.0","Net Income":"22112.0"},"market":"NASDAQ","name":"FB"},"NYSE:TWTR":{"name":"TWTR","market":"NYSE","2013-12-31":{"Total Revenue":"664.9","Operating Income":"-635.8","Net Income":"-645.3"},"2014-12-31":{"Total Revenue":"1403.0","Operating Income":"-538.9","Net Income":"-577.8"},"2015-12-31":{"Total Revenue":"2218.0","Operating Income":"-450.0","Net Income":"-521.0"},"2016-12-31":{"Total Revenue":"2529.6","Operating Income":"-367.2","Net Income":"-456.9"},"2017-12-31":{"Total Revenue":"2443.3","Operating Income":"38.7","Net Income":"-108.1"}},"NYSE:SNAP":{"2015-12-31":{"Total Revenue":"58.7","Operating Income":"-381.7","Net Income":"-372.9"},"2016-12-31":{"Total Revenue":"404.5","Operating Income":"-520.4","Net Income":"-514.6"},"2017-12-31":{"Total Revenue":"824.9","Operating Income":"-3485.6","Net Income":"-3445.1"},"2018-12-31":{"Total Revenue":"1180.4","Operating Income":"-1268.5","Net Income":"-1255.9"},"market":"NYSE","name":"SNAP"},"NYSE:YRD":{"2013-12-31":{"Total Revenue":"3.0","Operating Income":"-7.6","Net Income":"-8.0"},"2014-12-31":{"Total Revenue":"29.0","Operating Income":"-4.2","Net Income":"-4.1"},"2015-12-31":{"Total Revenue":"193.0","Operating Income":"62.6","Net Income":"40.7"},"2016-12-31":{"Total Revenue":"480.6","Operating Income":"169.2","Net Income":"164.8"},"2017-12-31":{"Total Revenue":"829.5","Operating Income":"257.5","Net Income":"202.5"},"market":"NYSE","name":"YRD"},"NYSE:FIT":{"2013-12-31":{"Total Revenue":"271.1","Operating Income":"-9.0","Net Income":"-51.6"},"2014-12-31":{"Total Revenue":"745.4","Operating Income":"157.9","Net Income":"131.8"},"2015-12-31":{"Total Revenue":"1858.0","Operating Income":"340.5","Net Income":"175.7"},"2016-12-31":{"Total Revenue":"2169.5","Operating Income":"-112.5","Net Income":"-102.8"},"2017-12-31":{"Total Revenue":"1615.5","Operating Income":"-201.1","Net Income":"-277.2"},"market":"NYSE","name":"FIT"},"NYSE:BABA":{"2014-03-31":{"Total Revenue":"7715.7","Operating Income":"3668.6","Net Income":"3426.3"},"2015-03-31":{"Total Revenue":"11250.8","Operating Income":"3441.5","Net Income":"3581.9"},"2016-03-31":{"Total Revenue":"14932.8","Operating Income":"4423.0","Net Income":"10550.4"},"2017-03-31":{"Total Revenue":"23367.4","Operating Income":"7161.4","Net Income":"6448.2"},"2018-03-31":{"Total Revenue":"36949.3","Operating Income":"10388.4","Net Income":"9462.7"},"market":"NYSE","name":"BABA"},"NYSE:BLK":{"2013-12-31":{"Total Revenue":"10180.0","Operating Income":"3857.0","Net Income":"2932.0"},"2014-12-31":{"Total Revenue":"11081.0","Operating Income":"4474.0","Net Income":"3294.0"},"2015-12-31":{"Total Revenue":"11401.0","Operating Income":"4664.0","Net Income":"3345.0"},"2016-12-31":{"Total Revenue":"11155.0","Operating Income":"4646.0","Net Income":"3172.0"},"2017-12-31":{"Total Revenue":"12491.0","Operating Income":"5272.0","Net Income":"4970.0"},"market":"NYSE","name":"BLK"},"NASDAQ:NUAN":{"2013-09-30":{"Total Revenue":"1855.3","Operating Income":"48.5","Net Income":"-115.2"},"2014-09-30":{"Total Revenue":"1923.5","Operating Income":"22.3","Net Income":"-150.3"},"2015-09-30":{"Total Revenue":"1931.1","Operating Income":"93.0","Net Income":"-115.0"},"2016-09-30":{"Total Revenue":"1948.9","Operating Income":"180.9","Net Income":"-12.5"},"2017-09-30":{"Total Revenue":"1939.4","Operating Income":"140.8","Net Income":"-151.0"},"2018-09-30":{"Total Revenue":"2051.7","Operating Income":"163.6","Net Income":"-159.9"},"market":"NASDAQ","name":"NUAN"},"NASDAQ:CMPR":{"2014-06-30":{"Total Revenue":"1270.2","Operating Income":"85.9","Net Income":"43.7"},"2015-06-30":{"Total Revenue":"1494.2","Operating Income":"99.5","Net Income":"92.2"},"2016-06-30":{"Total Revenue":"1788.0","Operating Income":"109.4","Net Income":"54.3"},"2017-06-30":{"Total Revenue":"2135.4","Operating Income":"-9.4","Net Income":"-71.7"},"2018-06-30":{"Total Revenue":"2592.5","Operating Income":"125.5","Net Income":"43.7"},"market":"NASDAQ","name":"CMPR"},"NYSE:PSX":{"2013-12-31":{"Total Revenue":"174809.0","Operating Income":"5790.0","Net Income":"3726.0"},"2014-12-31":{"Total Revenue":"161212.0","Operating Income":"3430.0","Net Income":"4762.0"},"2015-12-31":{"Total Revenue":"98975.0","Operating Income":"4548.0","Net Income":"4227.0"},"2016-12-31":{"Total Revenue":"84279.0","Operating Income":"1098.0","Net Income":"1555.0"},"2017-12-31":{"Total Revenue":"102354.0","Operating Income":"1838.0","Net Income":"5106.0"},"market":"NYSE","name":"PSX"},"NASDAQ:AAPL":{"2014-09-27":{"Total Revenue":"182795.0","Operating Income":"52503.0","Net Income":"39510.0"},"2015-09-26":{"Total Revenue":"233715.0","Operating Income":"71230.0","Net Income":"53394.0"},"2016-09-24":{"Total Revenue":"215639.0","Operating Income":"60024.0","Net Income":"45687.0"},"2017-09-30":{"Total Revenue":"229234.0","Operating Income":"61344.0","Net Income":"48351.0"},"2018-09-29":{"Total Revenue":"265595.0","Operating Income":"70898.0","Net Income":"59531.0"},"market":"NASDAQ","name":"AAPL"},"NASDAQ:INTC":{"2013-12-28":{"Total Revenue":"52708.0","Operating Income":"12291.0","Net Income":"9620.0"},"2014-12-27":{"Total Revenue":"55870.0","Operating Income":"15642.0","Net Income":"11704.0"},"2015-12-26":{"Total Revenue":"55355.0","Operating Income":"14356.0","Net Income":"11420.0"},"2016-12-31":{"Total Revenue":"59387.0","Operating Income":"14877.0","Net Income":"10316.0"},"2017-12-30":{"Total Revenue":"62761.0","Operating Income":"18434.0","Net Income":"9601.0"},"2018-12-29":{"Total Revenue":"70848.0","Operating Income":"23244.0","Net Income":"21053.0"},"market":"NASDAQ","name":"INTC"},"NASDAQ:BKCC":{"name":"BKCC","market":"NASDAQ","2013-12-31":{"Total Revenue":"110.7","Operating Income":"47.6","Net Income":"93.0"},"2014-12-31":{"Total Revenue":"109.8","Operating Income":"50.4","Net Income":"137.2"},"2015-12-31":{"Total Revenue":"105.1","Operating Income":"75.2","Net Income":"38.6"},"2016-12-31":{"Total Revenue":"100.7","Operating Income":"54.0","Net Income":"-84.3"},"2017-12-31":{"Total Revenue":"79.1","Operating Income":"55.","Net Income":"20.9"}},"NASDAQ:TRIP":{"name":"TRIP","market":"NASDAQ","2013-12-31":{"Total Revenue":"945.0","Operating Income":"294.0","Net Income":"205.0"},"2014-12-31":{"Total Revenue":"1246.0","Operating Income":"340.0","Net Income":"226.0"},"2015-12-31":{"Total Revenue":"1492.0","Operating Income":"232.0","Net Income":"198.0"},"2016-12-31":{"Total Revenue":"1480.0","Operating Income":"166.0","Net Income":"120.0"},"2017-12-31":{"Total Revenue":"1556.0","Operating Income":"124.0","Net Income":"-19.0"}},"NASDAQ:EXPE":{"2013-12-31":{"Total Revenue":"4771.3","Operating Income":"366.1","Net Income":"232.9"},"2014-12-31":{"Total Revenue":"5763.5","Operating Income":"546.2","Net Income":"398.1"},"2015-12-31":{"Total Revenue":"6672.3","Operating Income":"525.6","Net Income":"764.5"},"2016-12-31":{"Total Revenue":"8774.0","Operating Income":"553.0","Net Income":"282.0"},"2017-12-31":{"Total Revenue":"10060.0","Operating Income":"642.0","Net Income":"378.0"},"2018-12-31":{"Total Revenue":"11223.0","Operating Income":"842.0","Net Income":"406.0"},"market":"NASDAQ","name":"EXPE"},"NYSE:ING":{"2013-12-31":{"Total Revenue":"19864.7","Operating Income":"6940.3","Net Income":"5681.9"},"2014-12-31":{"Total Revenue":"16810.3","Operating Income":"4143.6","Net Income":"1087.9"},"2015-12-31":{"Total Revenue":"19783.6","Operating Income":"9041.7","Net Income":"5564.7"},"2016-12-31":{"Total Revenue":"20122.5","Operating Income":"7784.2","Net Income":"5620.0"},"2017-12-31":{"Total Revenue":"20798.0","Operating Income":"9967.6","Net Income":"6172.4"},"market":"NYSE","name":"ING"},"NYSE:MMM":{"2013-12-31":{"Total Revenue":"30871.0","Operating Income":"6666.0","Net Income":"4659.0"},"2014-12-31":{"Total Revenue":"31821.0","Operating Income":"7135.0","Net Income":"4956.0"},"2015-12-31":{"Total Revenue":"30274.0","Operating Income":"6899.0","Net Income":"4833.0"},"2016-12-31":{"Total Revenue":"30109.0","Operating Income":"6916.0","Net Income":"5050.0"},"2017-12-31":{"Total Revenue":"31657.0","Operating Income":"7106.0","Net Income":"4858.0"},"2018-12-31":{"Total Revenue":"32765.0","Operating Income":"6660.0","Net Income":"5349.0"},"market":"NYSE","name":"MMM"},"NYSE:JNJ":{"name":"JNJ","market":"NYSE","2013-12-31":{"Total Revenue":"71312.0","Operating Income":"18377.0","Net Income":"13831.0"},"2014-12-31":{"Total Revenue":"74331.0","Operating Income":"20959.0","Net Income":"16323.0"},"2015-12-31":{"Total Revenue":"70074.0","Operating Income":"18065.0","Net Income":"15409.0"},"2016-12-31":{"Total Revenue":"71890.0","Operating Income":"21136.0","Net Income":"16540.0"},"2017-12-31":{"Total Revenue":"76450.0","Operating Income":"18714.0","Net Income":"1300.0"}},"NYSE:GE":{"2013-12-31":{"Total Revenue":"113245.0","Operating Income":"15459.0","Net Income":"13057.0"},"2014-12-31":{"Total Revenue":"116406.0","Operating Income":"13879.0","Net Income":"15233.0"},"2015-12-31":{"Total Revenue":"115158.0","Operating Income":"11952.0","Net Income":"-6126.0"},"2016-12-31":{"Total Revenue":"119687.0","Operating Income":"13060.0","Net Income":"8831.0"},"2017-12-31":{"Total Revenue":"120468.0","Operating Income":"5102.0","Net Income":"-5786.0"},"market":"NYSE","name":"GE"},"NYSE:WMT":{"name":"WMT","market":"NYSE","2014-01-31":{"Total Revenue":"476294.0","Operating Income":"26872.0","Net Income":"16022.0"},"2015-01-31":{"Total Revenue":"485651.0","Operating Income":"27147.0","Net Income":"16363.0"},"2016-01-31":{"Total Revenue":"482130.0","Operating Income":"24105.0","Net Income":"14694.0"},"2017-01-31":{"Total Revenue":"485873.0","Operating Income":"22764.0","Net Income":"13643.0"},"2018-01-31":{"Total Revenue":"500343.0","Operating Income":"20437.0","Net Income":"9862.0"}},"NYSE:IBM":{"name":"IBM","market":"NYSE","2013-12-31":{"Total Revenue":"98367.0","Operating Income":"20312.0","Net Income":"16483.0"},"2014-12-31":{"Total Revenue":"92793.0","Operating Income":"18532.0","Net Income":"12022.0"},"2015-12-31":{"Total Revenue":"81742.0","Operating Income":"15690.0","Net Income":"13190.0"},"2016-12-31":{"Total Revenue":"79920.0","Operating Income":"13105.0","Net Income":"11872.0"},"2017-12-31":{"Total Revenue":"79139.0","Operating Income":"11800.0","Net Income":"5753.0"}},"NYSE:SSI":{"2014-01-31":{"Total Revenue":"1609.5","Operating Income":"43.4","Net Income":"16.6"},"2015-01-31":{"Total Revenue":"1638.6","Operating Income":"63.7","Net Income":"30.9"},"2016-01-30":{"Total Revenue":"1604.4","Operating Income":"8.6","Net Income":"3.8"},"2017-01-28":{"Total Revenue":"1442.7","Operating Income":"-58.0","Net Income":"-37.9"},"2018-02-03":{"Total Revenue":"1592.3","Operating Income":"-42.7","Net Income":"-37.3"},"market":"NYSE","name":"SSI"},"NYSE:KO":{"name":"KO","market":"NYSE","2013-12-31":{"Total Revenue":"46854.0","Operating Income":"10228.0","Net Income":"8584.0"},"2014-12-31":{"Total Revenue":"45998.0","Operating Income":"9708.0","Net Income":"7098.0"},"2015-12-31":{"Total Revenue":"44294.0","Operating Income":"10240.0","Net Income":"7351.0"},"2016-12-31":{"Total Revenue":"41863.0","Operating Income":"9750.0","Net Income":"6527.0"},"2017-12-31":{"Total Revenue":"35410.0","Operating Income":"9427.0","Net Income":"1248.0"}},"NYSE:BP":{"2013-12-31":{"Total Revenue":"396217.0","Operating Income":"31769.0","Net Income":"23451.0"},"2014-12-31":{"Total Revenue":"353568.0","Operating Income":"13881.0","Net Income":"3780.0"},"2015-12-31":{"Total Revenue":"222894.0","Operating Income":"-6883.0","Net Income":"-6482.0"},"2016-12-31":{"Total Revenue":"183008.0","Operating Income":"-4095.0","Net Income":"115.0"},"2017-12-31":{"Total Revenue":"240208.0","Operating Income":"8288.0","Net Income":"3389.0"},"market":"NYSE","name":"BP"},"NYSE:HSBC":{"2013-12-31":{"Total Revenue":"78337.0","Operating Income":"20240.0","Net Income":"16204.0"},"2014-12-31":{"Total Revenue":"73462.0","Operating Income":"16148.0","Net Income":"13688.0"},"2015-12-31":{"Total Revenue":"70037.0","Operating Income":"16311.0","Net Income":"13522.0"},"2016-12-31":{"Total Revenue":"60807.0","Operating Income":"4758.0","Net Income":"2479.0"},"2017-12-31":{"Total Revenue":"63439.0","Operating Income":"17167.0","Net Income":"10798.0"},"market":"NYSE","name":"HSBC"},"NASDAQ:NVDA":{"name":"NVDA","market":"NASDAQ","2014-01-26":{"Total Revenue":"4130.0","Operating Income":"496.0","Net Income":"440.0"},"2015-01-25":{"Total Revenue":"4682.0","Operating Income":"759.0","Net Income":"631.0"},"2016-01-31":{"Total Revenue":"5010.0","Operating Income":"878.0","Net Income":"614.0"},"2017-01-29":{"Total Revenue":"6910.0","Operating Income":"1937.0","Net Income":"1666.0"},"2018-01-28":{"Total Revenue":"9714.0","Operating Income":"3210.0","Net Income":"3047.0"}},"NASDAQ:TEAM":{"2014-06-30":{"Total Revenue":"215.1","Operating Income":"22.7","Net Income":"19.0"},"2015-06-30":{"Total Revenue":"319.5","Operating Income":"1.7","Net Income":"6.8"},"2016-06-30":{"Total Revenue":"457.1","Operating Income":"-5.9","Net Income":"4.4"},"2017-06-30":{"Total Revenue":"619.9","Operating Income":"-63.1","Net Income":"-42.5"},"2018-06-30":{"Total Revenue":"874.0","Operating Income":"-53.7","Net Income":"-119.3"},"market":"NASDAQ","name":"TEAM"},"NASDAQ:IRBT":{"2013-12-28":{"Total Revenue":"487.4","Operating Income":"32.6","Net Income":"27.6"},"2014-12-27":{"Total Revenue":"556.8","Operating Income":"53.1","Net Income":"37.8"},"2015-12-31":{"Total Revenue":"616.6","Operating Income":"60.6","Net Income":"44.9"},"2016-12-31":{"Total Revenue":"660.6","Operating Income":"57.6","Net Income":"41.9"},"2017-12-30":{"Total Revenue":"883.9","Operating Income":"72.7","Net Income":"51.0"},"2018-12-29":{"Total Revenue":"1092.6","Operating Income":"105.8","Net Income":"88.0"},"market":"NASDAQ","name":"IRBT"},"NYSE:O":{"name":"O","market":"NYSE","2013-12-31":{"Total Revenue":"780.2","Operating Income":"183.0","Net Income":"245.6"},"2014-12-31":{"Total Revenue":"933.5","Operating Income":"453.9","Net Income":"270.6"},"2015-12-31":{"Total Revenue":"1023.3","Operating Income":"509.4","Net Income":"283.8"},"2016-12-31":{"Total Revenue":"1103.2","Operating Income":"538.4","Net Income":"315.6"},"2017-12-31":{"Total Revenue":"1215.8","Operating Income":"589.1","Net Income":"318.8"}},"NYSE:EL":{"2014-06-30":{"Total Revenue":"10968.8","Operating Income":"1824.7","Net Income":"1204.1"},"2015-06-30":{"Total Revenue":"10780.0","Operating Income":"1606.0","Net Income":"1089.0"},"2016-06-30":{"Total Revenue":"11262.0","Operating Income":"1743.0","Net Income":"1115.0"},"2017-06-30":{"Total Revenue":"11824.0","Operating Income":"1918.0","Net Income":"1249.0"},"2018-06-30":{"Total Revenue":"13683.0","Operating Income":"2283.0","Net Income":"1108.0"},"market":"NYSE","name":"EL"},"NASDAQ:NTES":{"2013-12-31":{"Total Revenue":"1462.2","Operating Income":"692.1","Net Income":"706.6"},"2014-12-31":{"Total Revenue":"1729.3","Operating Income":"703.5","Net Income":"702.3"},"2015-12-31":{"Total Revenue":"3366.6","Operating Income":"1073.7","Net Income":"994.4"},"2016-12-31":{"Total Revenue":"5636.7","Operating Income":"1864.5","Net Income":"1713.3"},"2017-12-31":{"Total Revenue":"7987.6","Operating Income":"1794.4","Net Income":"1580.9"},"market":"NASDAQ","name":"NTES"},"NYSE:ICE":{"2013-12-31":{"Total Revenue":"1730.0","Operating Income":"790.0","Net Income":"254.0"},"2014-12-31":{"Total Revenue":"4352.0","Operating Income":"1577.0","Net Income":"981.0"},"2015-12-31":{"Total Revenue":"4682.0","Operating Income":"1838.0","Net Income":"1274.0"},"2016-12-31":{"Total Revenue":"5971.0","Operating Income":"2252.0","Net Income":"1430.0"},"2017-12-31":{"Total Revenue":"5843.0","Operating Income":"2415.0","Net Income":"2526.0"},"2018-12-31":{"Total Revenue":"6276.0","Operating Income":"2617.0","Net Income":"1988.0"},"market":"NYSE","name":"ICE"},"NASDAQ:CME":{"2013-12-31":{"Total Revenue":"2936.3","Operating Income":"1637.0","Net Income":"976.8"},"2014-12-31":{"Total Revenue":"3112.5","Operating Income":"1768.4","Net Income":"1127.1"},"2015-12-31":{"Total Revenue":"3326.8","Operating Income":"1988.7","Net Income":"1247.0"},"2016-12-31":{"Total Revenue":"3595.2","Operating Income":"2202.7","Net Income":"1534.1"},"2017-12-31":{"Total Revenue":"3644.7","Operating Income":"2312.0","Net Income":"4063.4"},"market":"NASDAQ","name":"CME"},"NASDAQ:MCHP":{"2014-03-31":{"Total Revenue":"1931.2","Operating Income":"461.9","Net Income":"395.3"},"2015-03-31":{"Total Revenue":"2147.0","Operating Income":"428.5","Net Income":"369.0"},"2016-03-31":{"Total Revenue":"2173.3","Operating Income":"669.5","Net Income":"324.1"},"2017-03-31":{"Total Revenue":"3407.8","Operating Income":"874.2","Net Income":"164.6"},"2018-03-31":{"Total Revenue":"3980.8","Operating Income":"1405.9","Net Income":"255.4"},"market":"NASDAQ","name":"MCHP"},"NASDAQ:MU":{"2014-08-28":{"Total Revenue":"16358.0","Operating Income":"3370.0","Net Income":"3045.0"},"2015-09-03":{"Total Revenue":"16192.0","Operating Income":"2984.0","Net Income":"2899.0"},"2016-09-01":{"Total Revenue":"12399.0","Operating Income":"231.0","Net Income":"-276.0"},"2017-08-31":{"Total Revenue":"20322.0","Operating Income":"5864.0","Net Income":"5089.0"},"2018-08-30":{"Total Revenue":"30391.0","Operating Income":"14926.0","Net Income":"14135.0"},"market":"NASDAQ","name":"MU"},"NYSE:TSM":{"2013-12-31":{"Total Revenue":"20412.3","Operating Income":"7181.3","Net Income":"6290.2"},"2014-12-31":{"Total Revenue":"24745.6","Operating Income":"9628.9","Net Income":"8249.3"},"2015-12-31":{"Total Revenue":"27362.7","Operating Income":"10436.6","Net Income":"9824.2"},"2016-12-31":{"Total Revenue":"30749.2","Operating Income":"12259.1","Net Income":"10760.5"},"2017-12-31":{"Total Revenue":"31707.3","Operating Income":"12542.8","Net Income":"11191.4"},"market":"NYSE","name":"TSM"},"NASDAQ:AVGO":{"2014-11-02":{"Total Revenue":"4269.0","Operating Income":"578.0","Net Income":"263.0"},"2015-11-01":{"Total Revenue":"6824.0","Operating Income":"1769.0","Net Income":"1364.0"},"2016-10-30":{"Total Revenue":"13240.0","Operating Income":"587.0","Net Income":"-1739.0"},"2017-10-29":{"Total Revenue":"17636.0","Operating Income":"2666.0","Net Income":"1692.0"},"2018-11-04":{"Total Revenue":"20848.0","Operating Income":"5368.0","Net Income":"12259.0"},"market":"NASDAQ","name":"AVGO"},"NASDAQ:BIDU":{"2013-12-31":{"Total Revenue":"4922.2","Operating Income":"1724.5","Net Income":"1625.8"},"2014-12-31":{"Total Revenue":"7242.1","Operating Income":"1890.3","Net Income":"1948.4"},"2015-12-31":{"Total Revenue":"9800.6","Operating Income":"1723.3","Net Income":"4970.2"},"2016-12-31":{"Total Revenue":"10415.9","Operating Income":"1483.6","Net Income":"1717.3"},"2017-12-31":{"Total Revenue":"12521.2","Operating Income":"2316.6","Net Income":"2702.0"},"market":"NASDAQ","name":"BIDU"},"BME:VID":{"2013-12-31":{"Total Revenue":"473.6","Operating Income":"67.5","Net Income":"52.3"},"2014-12-31":{"Total Revenue":"468.8","Operating Income":"70.0","Net Income":"51.6"},"2015-12-31":{"Total Revenue":"803.4","Operating Income":"86.7","Net Income":"60.9"},"2016-12-31":{"Total Revenue":"773.6","Operating Income":"95.6","Net Income":"67.7"},"2017-12-31":{"Total Revenue":"823.2","Operating Income":"117.9","Net Income":"89.1"},"market":"BME","name":"VID"},"BME:R4":{"2013-12-31":{"Total Revenue":"54.6","Operating Income":"14.0","Net Income":"10.6"},"2014-12-31":{"Total Revenue":"66.4","Operating Income":"19.6","Net Income":"13.4"},"2015-12-31":{"Total Revenue":"69.4","Operating Income":"20.4","Net Income":"14.0"},"2016-12-31":{"Total Revenue":"71.0","Operating Income":"17.2","Net Income":"12.1"},"2017-12-31":{"Total Revenue":"130.0","Operating Income":"23.5","Net Income":"16.5"},"market":"BME","name":"R4"},"NASDAQ:SUPN":{"2013-12-31":{"Total Revenue":"12.0","Operating Income":"-61.9","Net Income":"-92.3"},"2014-12-31":{"Total Revenue":"92.7","Operating Income":"-5.3","Net Income":"-10.9"},"2015-12-31":{"Total Revenue":"147.5","Operating Income":"20.8","Net Income":"13.9"},"2016-12-31":{"Total Revenue":"215.0","Operating Income":"54.2","Net Income":"91.2"},"2017-12-31":{"Total Revenue":"302.2","Operating Income":"99.5","Net Income":"57.3"},"market":"NASDAQ","name":"SUPN"},"NASDAQ:REGN":{"2013-12-31":{"Total Revenue":"2104.7","Operating Income":"743.1","Net Income":"413.7"},"2014-12-31":{"Total Revenue":"2819.6","Operating Income":"823.9","Net Income":"338.1"},"2015-12-31":{"Total Revenue":"4103.7","Operating Income":"1251.9","Net Income":"636.1"},"2016-12-31":{"Total Revenue":"4860.4","Operating Income":"1330.7","Net Income":"895.5"},"2017-12-31":{"Total Revenue":"5872.2","Operating Income":"2079.6","Net Income":"1198.5"},"2018-12-31":{"Total Revenue":"6710.8","Operating Income":"2534.4","Net Income":"2444.4"},"market":"NASDAQ","name":"REGN"},"NASDAQ:ALXN":{"2013-12-31":{"Total Revenue":"1551.3","Operating Income":"528.0","Net Income":"252.9"},"2014-12-31":{"Total Revenue":"2234.0","Operating Income":"916.0","Net Income":"657.0"},"2015-12-31":{"Total Revenue":"2604.0","Operating Income":"682.2","Net Income":"144.4"},"2016-12-31":{"Total Revenue":"3084.1","Operating Income":"793.4","Net Income":"399.4"},"2017-12-31":{"Total Revenue":"3551.1","Operating Income":"804.0","Net Income":"443.3"},"2018-12-31":{"Total Revenue":"4131.2","Operating Income":"1594.6","Net Income":"77.6"},"market":"NASDAQ","name":"ALXN"},"NASDAQ:AMD":{"2013-12-28":{"Total Revenue":"5299.0","Operating Income":"103.0","Net Income":"-83.0"},"2014-12-27":{"Total Revenue":"5506.0","Operating Income":"149.0","Net Income":"-403.0"},"2015-12-26":{"Total Revenue":"3991.0","Operating Income":"-352.0","Net Income":"-660.0"},"2016-12-31":{"Total Revenue":"4319.0","Operating Income":"-383.0","Net Income":"-498.0"},"2017-12-30":{"Total Revenue":"5253.0","Operating Income":"127.0","Net Income":"-33.0"},"2018-12-29":{"Total Revenue":"6475.0","Operating Income":"451.0","Net Income":"337.0"},"market":"NASDAQ","name":"AMD"},"NASDAQ:WDC":{"2014-06-27":{"Total Revenue":"15130.0","Operating Income":"1886.0","Net Income":"1617.0"},"2015-07-03":{"Total Revenue":"14572.0","Operating Income":"1787.0","Net Income":"1465.0"},"2016-07-01":{"Total Revenue":"12994.0","Operating Income":"811.0","Net Income":"242.0"},"2017-06-30":{"Total Revenue":"19093.0","Operating Income":"2186.0","Net Income":"397.0"},"2018-06-29":{"Total Revenue":"20647.0","Operating Income":"3832.0","Net Income":"675.0"},"market":"NASDAQ","name":"WDC"},"NASDAQ:QCOM":{"2014-09-28":{"Total Revenue":"26487.0","Operating Income":"8034.0","Net Income":"7967.0"},"2015-09-27":{"Total Revenue":"25281.0","Operating Income":"5776.0","Net Income":"5271.0"},"2016-09-25":{"Total Revenue":"23554.0","Operating Income":"6495.0","Net Income":"5705.0"},"2017-09-24":{"Total Revenue":"22291.0","Operating Income":"2614.0","Net Income":"2466.0"},"2018-09-30":{"Total Revenue":"22732.0","Operating Income":"742.0","Net Income":"-4864.0"},"market":"NASDAQ","name":"QCOM"},"NYSE:EIX":{"2013-12-31":{"Total Revenue":"12581.0","Operating Income":"1715.0","Net Income":"1015.0"},"2014-12-31":{"Total Revenue":"13413.0","Operating Income":"2629.0","Net Income":"1612.0"},"2015-12-31":{"Total Revenue":"11524.0","Operating Income":"2013.0","Net Income":"1020.0"},"2016-12-31":{"Total Revenue":"11869.0","Operating Income":"2113.0","Net Income":"1311.0"},"2017-12-31":{"Total Revenue":"12320.0","Operating Income":"2231.0","Net Income":"565.0"},"market":"NYSE","name":"EIX"},"NYSE:NEE":{"2013-12-31":{"Total Revenue":"15136.0","Operating Income":"3241.0","Net Income":"1908.0"},"2014-12-31":{"Total Revenue":"17021.0","Operating Income":"4394.0","Net Income":"2465.0"},"2015-12-31":{"Total Revenue":"17486.0","Operating Income":"4732.0","Net Income":"2752.0"},"2016-12-31":{"Total Revenue":"16155.0","Operating Income":"4383.0","Net Income":"2912.0"},"2017-12-31":{"Total Revenue":"17195.0","Operating Income":"4822.0","Net Income":"5378.0"},"market":"NYSE","name":"NEE"},"NYSE:DUK":{"name":"DUK","market":"NYSE","2013-12-31":{"Total Revenue":"22756.0","Operating Income":"4854.0","Net Income":"2665.0"},"2014-12-31":{"Total Revenue":"22509.0","Operating Income":"4913.0","Net Income":"1883.0"},"2015-12-31":{"Total Revenue":"22371.0","Operating Income":"5154.0","Net Income":"2816.0"},"2016-12-31":{"Total Revenue":"22743.0","Operating Income":"5332.0","Net Income":"2152.0"},"2017-12-31":{"Total Revenue":"23565.0","Operating Income":"6035.0","Net Income":"3059.0"}},"NYSE:SO":{"2013-12-31":{"Total Revenue":"17087.0","Operating Income":"3255.0","Net Income":"1710.0"},"2014-12-31":{"Total Revenue":"18467.0","Operating Income":"3642.0","Net Income":"2031.0"},"2015-12-31":{"Total Revenue":"17489.0","Operating Income":"4282.0","Net Income":"2421.0"},"2016-12-31":{"Total Revenue":"19896.0","Operating Income":"4629.0","Net Income":"2493.0"},"2017-12-31":{"Total Revenue":"23031.0","Operating Income":"2551.0","Net Income":"880.0"},"market":"NYSE","name":"SO"},"NYSE:D":{"name":"D","market":"NYSE","2013-12-31":{"Total Revenue":"13120.0","Operating Income":"3316.0","Net Income":"1697.0"},"2014-12-31":{"Total Revenue":"12436.0","Operating Income":"2721.0","Net Income":"1310.0"},"2015-12-31":{"Total Revenue":"11683.0","Operating Income":"3536.0","Net Income":"1899.0"},"2016-12-31":{"Total Revenue":"11737.0","Operating Income":"3627.0","Net Income":"2123.0"},"2017-12-31":{"Total Revenue":"12586.0","Operating Income":"4130.0","Net Income":"2999.0"}},"NYSE:EXC":{"2013-12-31":{"Total Revenue":"24888.0","Operating Income":"3669.0","Net Income":"1719.0"},"2014-12-31":{"Total Revenue":"27429.0","Operating Income":"2390.0","Net Income":"1623.0"},"2015-12-31":{"Total Revenue":"29447.0","Operating Income":"4391.0","Net Income":"2269.0"},"2016-12-31":{"Total Revenue":"31366.0","Operating Income":"3260.0","Net Income":"1121.0"},"2017-12-31":{"Total Revenue":"33565.0","Operating Income":"3946.0","Net Income":"3786.0"},"2018-12-31":{"Total Revenue":"35985.0","Operating Income":"3842.0","Net Income":"2010.0"},"market":"NYSE","name":"EXC"},"NASDAQ:VRTX":{"2014-12-31":{"Total Revenue":"580.4","Operating Income":"-641.5","Net Income":"-738.6"},"2015-12-31":{"Total Revenue":"1032.3","Operating Income":"-464.7","Net Income":"-556.3"},"2016-12-31":{"Total Revenue":"1702.2","Operating Income":"11.2","Net Income":"-112.1"},"2017-12-31":{"Total Revenue":"2488.7","Operating Income":"392.8","Net Income":"263.5"},"2018-12-31":{"Total Revenue":"3047.6","Operating Income":"664.0","Net Income":"2096.9"},"market":"NASDAQ","name":"VRTX"},"NYSE:BA":{"2014-12-31":{"Total Revenue":"90762.0","Operating Income":"7196.0","Net Income":"5446.0"},"2015-12-31":{"Total Revenue":"96114.0","Operating Income":"7170.0","Net Income":"5176.0"},"2016-12-31":{"Total Revenue":"93496.0","Operating Income":"6231.0","Net Income":"5034.0"},"2017-12-31":{"Total Revenue":"94005.0","Operating Income":"10119.0","Net Income":"8458.0"},"2018-12-31":{"Total Revenue":"101127.0","Operating Income":"11801.0","Net Income":"10460.0"},"market":"NYSE","name":"BA"},"NASDAQ:BKNG":{"name":"BKNG","market":"NASDAQ","2014-12-31":{"Total Revenue":"8442.0","Operating Income":"3073.3","Net Income":"2421.8"},"2015-12-31":{"Total Revenue":"9224.0","Operating Income":"3258.9","Net Income":"2551.4"},"2016-12-31":{"Total Revenue":"10743.0","Operating Income":"3847.0","Net Income":"2135.0"},"2017-12-31":{"Total Revenue":"12681.1","Operating Income":"4538.0","Net Income":"2340.8"}},"BME:CLNX":{"2014-12-31":{"Total Revenue":"412.1","Operating Income":"86.0","Net Income":"57.5"},"2015-12-31":{"Total Revenue":"575.4","Operating Income":"79.0","Net Income":"47.3"},"2016-12-31":{"Total Revenue":"670.4","Operating Income":"110.4","Net Income":"39.8"},"2017-12-31":{"Total Revenue":"757.6","Operating Income":"126.6","Net Income":"32.9"},"market":"BME","name":"CLNX"},"NYSE:MA":{"2014-12-31":{"Total Revenue":"9441.0","Operating Income":"5076.0","Net Income":"3617.0"},"2015-12-31":{"Total Revenue":"9667.0","Operating Income":"5057.0","Net Income":"3808.0"},"2016-12-31":{"Total Revenue":"10776.0","Operating Income":"5912.0","Net Income":"4059.0"},"2017-12-31":{"Total Revenue":"12497.0","Operating Income":"6743.0","Net Income":"3915.0"},"2018-12-31":{"Total Revenue":"14950.0","Operating Income":"8374.0","Net Income":"5859.0"},"market":"NYSE","name":"MA"},"NYSE:V":{"2014-09-30":{"Total Revenue":"12702.0","Operating Income":"7697.0","Net Income":"5438.0"},"2015-09-30":{"Total Revenue":"13880.0","Operating Income":"9064.0","Net Income":"6328.0"},"2016-09-30":{"Total Revenue":"15082.0","Operating Income":"9760.0","Net Income":"5991.0"},"2017-09-30":{"Total Revenue":"18358.0","Operating Income":"12144.0","Net Income":"6699.0"},"2018-09-30":{"Total Revenue":"20609.0","Operating Income":"12954.0","Net Income":"10301.0"},"market":"NYSE","name":"V"},"NASDAQ:PYPL":{"2014-12-31":{"Total Revenue":"8025.0","Operating Income":"1268.0","Net Income":"419.0"},"2015-12-31":{"Total Revenue":"9248.0","Operating Income":"1509.0","Net Income":"1228.0"},"2016-12-31":{"Total Revenue":"10842.0","Operating Income":"1586.0","Net Income":"1401.0"},"2017-12-31":{"Total Revenue":"13094.0","Operating Income":"2259.0","Net Income":"1795.0"},"2018-12-31":{"Total Revenue":"15451.0","Operating Income":"2503.0","Net Income":"2057.0"},"market":"NASDAQ","name":"PYPL"},"NASDAQ:ATVI":{"name":"ATVI","market":"NASDAQ","2014-12-31":{"Total Revenue":"4408.0","Operating Income":"1183.0","Net Income":"835.0"},"2015-12-31":{"Total Revenue":"4664.0","Operating Income":"1319.0","Net Income":"892.0"},"2016-12-31":{"Total Revenue":"6608.0","Operating Income":"1412.0","Net Income":"966.0"},"2017-12-31":{"Total Revenue":"7017.0","Operating Income":"1309.0","Net Income":"273.0"}},"NASDAQ:ADBE":{"2014-11-28":{"Total Revenue":"4147.1","Operating Income":"432.6","Net Income":"268.4"},"2015-11-27":{"Total Revenue":"4795.5","Operating Income":"903.1","Net Income":"629.6"},"2016-12-02":{"Total Revenue":"5854.4","Operating Income":"1493.6","Net Income":"1168.8"},"2017-12-01":{"Total Revenue":"7301.5","Operating Income":"2168.1","Net Income":"1694.0"},"2018-11-30":{"Total Revenue":"9030.0","Operating Income":"2840.4","Net Income":"2590.8"},"market":"NASDAQ","name":"ADBE"},"NYSE:RHT":{"2014-02-28":{"Total Revenue":"1534.6","Operating Income":"232.3","Net Income":"178.3"},"2015-02-28":{"Total Revenue":"1789.5","Operating Income":"250.0","Net Income":"180.2"},"2016-02-29":{"Total Revenue":"2052.2","Operating Income":"288.0","Net Income":"199.4"},"2017-02-28":{"Total Revenue":"2411.8","Operating Income":"332.2","Net Income":"253.7"},"2018-02-28":{"Total Revenue":"2920.5","Operating Income":"472.4","Net Income":"258.8"},"market":"NYSE","name":"RHT"},"NYSE:CAT":{"2014-12-31":{"Total Revenue":"55184.0","Operating Income":"3314.0","Net Income":"2452.0"},"2015-12-31":{"Total Revenue":"47011.0","Operating Income":"3785.0","Net Income":"2512.0"},"2016-12-31":{"Total Revenue":"38537.0","Operating Income":"1757.0","Net Income":"-67.0"},"2017-12-31":{"Total Revenue":"45462.0","Operating Income":"4460.0","Net Income":"754.0"},"2018-12-31":{"Total Revenue":"54722.0","Operating Income":"8293.0","Net Income":"6147.0"},"market":"NYSE","name":"CAT"},"NYSE:ABBV":{"2014-12-31":{"Total Revenue":"19960.0","Operating Income":"3411.0","Net Income":"1774.0"},"2015-12-31":{"Total Revenue":"22859.0","Operating Income":"7537.0","Net Income":"5144.0"},"2016-12-31":{"Total Revenue":"25638.0","Operating Income":"9384.0","Net Income":"5953.0"},"2017-12-31":{"Total Revenue":"28216.0","Operating Income":"9592.0","Net Income":"5309.0"},"market":"NYSE","name":"ABBV"},"NASDAQ:CAR":{"2014-12-31":{"Total Revenue":"8485.0","Operating Income":"978.0","Net Income":"245.0"},"2015-12-31":{"Total Revenue":"8502.0","Operating Income":"974.0","Net Income":"313.0"},"2016-12-31":{"Total Revenue":"8659.0","Operating Income":"843.0","Net Income":"163.0"},"2017-12-31":{"Total Revenue":"8848.0","Operating Income":"776.0","Net Income":"361.0"},"market":"NASDAQ","name":"CAR"},"EPA:KER":{"2014-12-31":{"Total Revenue":"10037.5","Operating Income":"1664.0","Net Income":"528.9"},"2015-12-31":{"Total Revenue":"11584.2","Operating Income":"1646.7","Net Income":"696.0"},"2016-12-31":{"Total Revenue":"12384.9","Operating Income":"1886.2","Net Income":"813.5"},"2017-12-31":{"Total Revenue":"10815.9","Operating Income":"2690.7","Net Income":"1785.6"},"2018-12-31":{"Total Revenue":"13665.2","Operating Income":"3943.8","Net Income":"3714.9"},"market":"EPA","name":"KER"},"NYSE:HD":{"2015-02-01":{"Total Revenue":"83176.0","Operating Income":"10469.0","Net Income":"6345.0"},"2016-01-31":{"Total Revenue":"88519.0","Operating Income":"11774.0","Net Income":"7009.0"},"2017-01-29":{"Total Revenue":"94595.0","Operating Income":"13427.0","Net Income":"7957.0"},"2018-01-28":{"Total Revenue":"100904.0","Operating Income":"14681.0","Net Income":"8630.0"},"market":"NYSE","name":"HD"},"NASDAQ:STX":{"2014-06-27":{"Total Revenue":"13724.0","Operating Income":"1800.0","Net Income":"1570.0"},"2015-07-03":{"Total Revenue":"13739.0","Operating Income":"1470.0","Net Income":"1742.0"},"2016-07-01":{"Total Revenue":"11160.0","Operating Income":"620.0","Net Income":"248.0"},"2017-06-30":{"Total Revenue":"10771.0","Operating Income":"1232.0","Net Income":"772.0"},"2018-06-29":{"Total Revenue":"11184.0","Operating Income":"1723.0","Net Income":"1182.0"},"market":"NASDAQ","name":"STX"},"NASDAQ:TXN":{"2014-12-31":{"Total Revenue":"13045.0","Operating Income":"4226.0","Net Income":"2821.0"},"2015-12-31":{"Total Revenue":"13000.0","Operating Income":"4580.0","Net Income":"2986.0"},"2016-12-31":{"Total Revenue":"13370.0","Operating Income":"5159.0","Net Income":"3595.0"},"2017-12-31":{"Total Revenue":"14961.0","Operating Income":"6531.0","Net Income":"3682.0"},"market":"NASDAQ","name":"TXN"},"NYSE:SQM":{"2014-12-31":{"Total Revenue":"2014.2","Operating Income":"448.9","Net Income":"236.9"},"2015-12-31":{"Total Revenue":"1728.3","Operating Income":"370.0","Net Income":"220.4"},"2016-12-31":{"Total Revenue":"1939.3","Operating Income":"448.3","Net Income":"278.3"},"2017-12-31":{"Total Revenue":"2157.3","Operating Income":"630.5","Net Income":"427.7"},"market":"NYSE","name":"SQM"},"NYSE:ALB":{"2014-12-31":{"Total Revenue":"2445.5","Operating Income":"327.4","Net Income":"133.3"},"2015-12-31":{"Total Revenue":"2826.4","Operating Income":"470.6","Net Income":"334.9"},"2016-12-31":{"Total Revenue":"2677.2","Operating Income":"509.6","Net Income":"643.7"},"2017-12-31":{"Total Revenue":"3072.0","Operating Income":"587.7","Net Income":"54.9"},"market":"NYSE","name":"ALB"},"NASDAQ:ARTX":{"2014-12-31":{"Total Revenue":"103.6","Operating Income":"3.9","Net Income":"3.5"},"2015-12-31":{"Total Revenue":"96.6","Operating Income":"0.3","Net Income":"-2.9"},"2016-12-31":{"Total Revenue":"93.0","Operating Income":"0.2","Net Income":"-2.8"},"2017-12-31":{"Total Revenue":"98.7","Operating Income":"2.9","Net Income":"3.8"},"market":"NASDAQ","name":"ARTX"},"NYSE:FMC":{"2014-12-31":{"Total Revenue":"3258.7","Operating Income":"494.8","Net Income":"307.5"},"2015-12-31":{"Total Revenue":"2491.0","Operating Income":"3.8","Net Income":"489.0"},"2016-12-31":{"Total Revenue":"2538.9","Operating Income":"338.2","Net Income":"209.1"},"2017-12-31":{"Total Revenue":"2878.6","Operating Income":"341.2","Net Income":"535.8"},"market":"NYSE","name":"FMC"},"EPA:UBI":{"2015-03-31":{"Total Revenue":"1463.8","Operating Income":"160.9","Net Income":"86.8"},"2016-03-31":{"Total Revenue":"1394.0","Operating Income":"156.1","Net Income":"93.4"},"2017-03-31":{"Total Revenue":"1459.9","Operating Income":"200.9","Net Income":"107.8"},"2018-03-31":{"Total Revenue":"1731.9","Operating Income":"260.6","Net Income":"139.5"},"market":"EPA","name":"UBI"},"NYSE:INFY":{"2015-03-31":{"Total Revenue":"8711.0","Operating Income":"2329.0","Net Income":"2013.0"},"2016-03-31":{"Total Revenue":"9501.0","Operating Income":"2368.0","Net Income":"2052.0"},"2017-03-31":{"Total Revenue":"10208.0","Operating Income":"2541.0","Net Income":"2140.0"},"2018-03-31":{"Total Revenue":"10939.0","Operating Income":"2670.0","Net Income":"2486.0"},"market":"NYSE","name":"INFY"},"NYSE:PFE":{"2014-12-31":{"Total Revenue":"49605.0","Operating Income":"13499.0","Net Income":"9135.0"},"2015-12-31":{"Total Revenue":"48851.0","Operating Income":"12976.0","Net Income":"6960.0"},"2016-12-31":{"Total Revenue":"52824.0","Operating Income":"13730.0","Net Income":"7215.0"},"2017-12-31":{"Total Revenue":"52546.0","Operating Income":"14107.0","Net Income":"21308.0"},"market":"NYSE","name":"PFE"},"NYSE:NIO":{"2016-12-31":{"Total Revenue":"100","Operating Income":"-384.2","Net Income":"-374.5"},"2017-12-31":{"Total Revenue":"100","Operating Income":"-731.3","Net Income":"-735.9"},"market":"NYSE","name":"NIO"},"NASDAQ:SNH":{"2014-12-31":{"Total Revenue":"844.9","Operating Income":"296.0","Net Income":"158.6"},"2015-12-31":{"Total Revenue":"998.8","Operating Income":"320.6","Net Income":"124.0"},"2016-12-31":{"Total Revenue":"1058.0","Operating Income":"323.8","Net Income":"141.3"},"2017-12-31":{"Total Revenue":"1074.8","Operating Income":"280.8","Net Income":"147.6"},"market":"NASDAQ","name":"SNH"}}